5146 7094
696 789 770 858 ¹40

629 947 631 952 '
691 937 863 1016 leberrimi
893 939 968 1015 libri
999 935 1158 1013 Karaitici
1188 933 1322 1014 ndered
1360 937 1478 1024 Eliav,

1144 761 1918 836 ANNALESHEEJYR

1536 937 1638 1015 ternis
1668 935 1780 1045 plenis
1807 961 1846 1011 ac
1887 933 2003 1012 divisis
2032 935 2065 1011 in
2096 931 2213 1012 medio
2242 957 2321 1012 suut

690 1055 751 1158 qui
781 1077 871 1128 anno
901 1051 1066 1128 Solinrani
1095 1074 1164 1139 xt,
1193 1049 1275 1126 Chr.
1311 1075 1406 1152 ¹53¹
1443 1051 1477 1124 in
1533 1049 1718 1158 dispositi,
1760 1048 1854 1155 quod
1890 1049 1925 1124 in
1965 1046 2137 1124 nonnullis
2179 1048 2323 1154 quidem

688 1165 810 1242 eadem
841 1165 924 1240 urbe
954 1162 1070 1240 Cl'olis
1092 1189 1154 1269 per
1174 1167 1361 1239 Gersonem
1391 1167 1478 1239 Son·
1534 1163 1713 1242 codicibus
1751 1189 1850 1250 mss,
1878 1160 1937 1240 sed
1966 1161 2000 1237 in
2031 1161 2123 1238 nulla
2151 1161 2218 1238 alia
2246 1161 2325 1240 edi-

685 1277 831 1355 ciuaterit
860 1273 924 1353 fuit
956 1277 1163 1382 impressus,
1191 1299 1226 1352 et
1256 1301 1293 1351 ut
1322 1277 1405 1352 infra
1429 1275 1479 1354 vi-

687 1389 869 1477 debimus,
907 1391 1008 1470 etiam
1050 1391 1084 1464 in
1115 1389 1228 1466 fronte
1265 1389 1480 1497 Neapolitani

690 1501 914 1581 Pentateuchi
952 1501 1032 1579 anni
1069 1527 1164 1602 ¹49¹
1200 1503 1306 1579 setius
1334 1503 1480 1580 detecti.

693 1622 796 1694 Sacro
826 1614 936 1692 textui
965 1615 1075 1723 lignea
1104 1615 1168 1692 alia
1198 1616 1312 1694 tabula
1343 1615 1398 1693 vel
1425 1643 1482 1690 ote

691 1753 791 1806 natus
822 1728 1034 1836 praeficitur,
1062 1731 1122 1834 qui
1159 1731 1194 1804 in
1235 1728 1348 1806 medio
1376 1729 1480 1806 exbi-

689 1845 747 1918 bet
778 1845 924 1949 primam
966 1844 1107 1920 Genesis
1135 1841 1320 1918 dictionem
1350 1865 1478 1920 numm

686 1954 882 2058 majusculis
928 1953 1048 2030 litteris
1090 1955 1329 2060 insculptam,
1374 1979 1478 2060 atque

686 2067 767 2144 hinc
797 2066 875 2144 inde
904 2069 1002 2142 binos
1030 2065 1168 2174 angelos
1190 2095 1265 2144 eam
1288 2067 1396 2146 ueluti
1417 2097 1478 2144 cu·

629 2279 632 2286 ,
683 2182 887 2258 stodientes.
927 2185 1008 2281 Quo
1037 2180 1075 2256 fit
1106 2204 1144 2256 ut
1183 2181 1316 2258 nonnisi
1354 2207 1398 2256 12
1429 2180 1477 2257 li·

682 2319 763 2371 neas
793 2295 901 2402 prima
931 2292 1014 2368 haec
1042 2291 1168 2401 pagina
1201 2294 1474 2400 complectatur,

682 2405 741 2485 sed
771 2431 859 2514 quae
889 2407 1039 2514 integrae
1068 2407 1256 2500 sistuntur,
1285 2427 1323 2484 ut
1352 2433 1388 2484 et
1414 2434 1474 2484 co·

682 2519 819 2596 lumnae
860 2521 1054 2626 quaelibet,
1096 2519 1194 2598 lineis
1233 2544 1389 2598 constant
1421 2523 1469 2596 28

683 2633 738 2711 vel
773 2659 846 2732 29,
874 2634 1008 2740 saepius
1039 2657 1121 2714 vero
1153 2661 1201 2736 30
1224 2634 1278 2713 vel
1314 2661 1380 2738 31.
1408 2639 1472 2712 Su·

681 2771 891 2854 praestant
929 2744 1096 2823 librorum
1126 2747 1181 2825 vel
1208 2748 1398 2825 sectionum
1430 2746 1470 2824 ti-

679 2860 743 2936 tuli
772 2884 876 2966 atque
903 2885 950 2936 ert
975 2859 1120 2936 'adversa
1151 2885 1267 2967 parte,
1287 2861 1383 2970 quod
1402 2861 1470 2940 sin·

681 2973 955 3082 gulatissimurn,
983 2973 1086 3052 etiam
1123 2974 1286 3052 foliorum
1314 2977 1470 3064 numeri,

681 3088 766 3163 infra
795 3089 1006 3196 signatum,
1036 3087 1176 3184 initialia
1205 3087 1370 3166 librorum
1395 3115 1470 3166 ver·

679 3199 723 3276 ba
754 3200 948 3303 majusculis
975 3223 1009 3276 et
1038 3199 1167 3277 ornatis
1196 3201 1315 3279 litteris
1343 3202 1470 3280 distin-

676 3339 855 3424 guuutut,
894 3311 1085 3391 sectionum
1128 3315 1316 3420 majoribus
1342 3343 1383 3392 ac
1411 3316 1469 3392 fu-

675 3430 746 3520 sis,
789 3427 922 3505 nullum
952 3426 1010 3502 hic
1039 3425 1150 3536 raphe‘
1174 3454 1233 3506 seu
1264 3429 1469 3536 adspiratio-

679 3542 731 3618 nis
751 3542 889 3650 signum
908 3568 1011 3648 supra
1040 3565 1218 3620 consuetas
1237 3541 1387 3634 litteras,
1405 3568 1468 3618 nec

674 3677 860 3761 corrupte,
899 3655 960 3732 sed
990 3656 1058 3732 suis
1097 3679 1255 3762 expressa
1289 3655 1468 3732 elementis

597 3783 601 3794 '
674 3791 878 3873 comparent
922 3765 1040 3850 divina
1087 3767 1253 3844 uomina.
1304 3771 1468 3875 Quinque

675 3879 884 3989 Meghilldth
923 3905 981 3957 seu
1021 3905 1114 3957 sacra
1143 3880 1328 3957 Volumina
1365 3909 1468 3960 suum

671 4019 752 4102 post
791 3993 1066 4071 Pentateuchum
1110 3992 1226 4070 locunt
1273 4017 1467 4104 occupant,

671 4129 773 4212 atque
802 4131 844 4182 eo
885 4105 1029 4214 quidem
1073 4105 1218 4196 ordine,
1256 4133 1360 4212 quem
1389 4133 1467 4184 ser-

670 4245 755 4296 taut
784 4219 974 4297 hodiernae
1004 4218 1195 4307 editiones,
1216 4219 1277 4296 sed
1298 4246 1378 4297 cum
1400 4221 1468 4297 sitt-

670 4334 780 4442 gulari
809 4333 886 4410 libri
929 4331 1082 4410 Estheris
1112 4331 1235 4426 titulo,
1262 4334 1322 4439 qui
1354 4335 1468 4410 iuscri-

667 4445 765 4523 bitur
794 4447 934 4523 nornine
980 4446 1139 4532 Asstteri,
1178 4469 1216 4520 ut
1244 4446 1278 4521 in
1308 4448 1465 4552 primaria

669 4556 796 4634 horum
827 4558 1054 4637 voluminum
1084 4557 1236 4635 editione
1257 4560 1463 4635 bononiensi

671 4675 751 4748 anni
789 4674 914 4766 1482,
944 4673 978 4745 in
1009 4669 1243 4747 Pentateucho
1266 4671 1466 4776 Neapolita·

1536 1278 1628 1354 tione
1657 1279 1785 1353 factum
1817 1299 1928 1381 puto,
1970 1274 2004 1349 iu
2035 1274 2129 1352 nulla
2156 1300 2234 1351 saue
2262 1275 2324 1352 la-

1535 1416 1631 1468 ctum
1661 1391 1793 1498 reperi.
1819 1389 1970 1496 Explicit
1999 1413 2087 1494 opus
2116 1389 2245 1494 absque
2271 1387 2324 1466 ul·

1536 1506 1568 1581 la
1605 1505 1809 1613 epigraphe,
1847 1503 1927 1579 solis
1956 1501 2067 1578 verbis
2097 1523 2208 1597 pmntt
2246 1525 2324 1598 pm,

1538 1616 1629 1694 ttnde
1668 1618 1797 1695 fttllitur
1824 1616 1856 1693 le
1898 1613 2070 1725 Longius,
2110 1617 2274 1692 scribens·
2288 1619 2321 1690 in

1539 1731 1661 1809 ultimo
1690 1727 1910 1808 Pentateuchi
1949 1728 2170 1834 quaternione
2198 1728 2257 1834 qui
2289 1727 2323 1802 in

1535 1845 1710 1922 Parisieusi
1730 1841 1923 1950 exemplari
1944 1841 2080 1930 deerat,
2108 1867 2222 1916 aetam
2252 1839 2324 1917 edi·

1534 1958 1636 2036 tionis
1664 1985 1699 2036 et
1727 1958 1853 2034 locum·
1873 1953 2090 2062 designatum
2118 1953 2239 2030 fuisse.

1618 2071 1743 2173 Quoad
1772 2071 1887 2148 locum
1918 2069 2060 2155 attinet,
2088 2064 2227 2154 ludaei,
2255 2065 2320 2141 in-

1532 2186 1608 2291 quit
1638 2185 1803 2278 Wallius,
1846 2183 1966 2263 volunt
2006 2205 2085 2256 euru
2116 2179 2320 2287 impressum

1532 2318 1604 2376 esse
1632 2299 1840 2408 Ulyssipoue
1869 2299 1903 2373 in
1933 2293 2125 2372 Lusitania.
2162 2293 2320 2369 Rationes

1530 2441 1612 2520 quas
1644 2413 1808 2504 afferunt,
1846 2406 1962 2487 subdit
2002 2410 2096 2514 ipse,
2127 2404 2317 2492 bassum,

1528 2527 1622 2634 quod
1658 2525 1776 2604 iisdem
1806 2524 1926 2600 litteris
1955 2521 2137 2629 impressus
2164 2519 2208 2596 sit
2236 2519 2319 2624 qui-

1530 2641 1593 2718 bus
1637 2637 1882 2718 Nachmanidis
1921 2633 1998 2711 libri
2041 2659 2145 2740 quem
2197 2657 2316 2707 omues

1526 2755 1734 2864 Ulyssipoue
1784 2753 1986 2860 impressum
2031 2773 2103 2824 esse
2151 2769 2315 2832 tuentur,

1525 2867 1691 2980 quodque
1729 2891 1824 2945 extet
1855 2889 1959 2972 penes
1998 2885 2055 2936 eos
2088 2858 2175 2936 liber
2203 2859 2317 2934 conti-

1527 3009 1609 3062 nens
1637 2984 1770 3090 regulas
1806 2979 1931 3089 quibus
1961 2973 2019 3052 ubi
2048 2971 2220 3049 debebant
2251 2997 2315 3076 ty·

1526 3095 1694 3209 pographi
1724 3094 1869 3171 Hebraei
1899 3093 1932 3168 in
1973 3084 2204 3194 imprimendo
2232 3089 2318 3160 Pen-

1526 3210 1709 3296 tateucho,
1747 3208 1805 3286 ubi
1847 3226 2014 3313 perpetuo
2043 3199 2246 3307 ablegentur
2272 3195 2315 3274 ad

1525 3323 1681 3403 codicem
1711 3323 1920 3429 Ulyssipoue
1949 3319 2152 3422 impressum
2183 3313 2216 3387 in
2237 3311 2315 3386 seri·

1525 3437 1857 3542 bendis‘praecipue
1887 3429 2009 3508 litteris
2038 3425 2198 3502 finalibus
2230 3425 2316 3500 aliis-

1524 3579 1615 3660 que,
1643 3573 1732 3656 quae
1764 3572 1801 3626 ut
1843 3541 2127 3652 praescribuntur-
2162 3563 2196 3614 et
2224 3538 2316 3612 alle-

1524 3689 1673 3774 gantur,
1703 3661 1736 3736 in
1765 3659 1830 3736 hoc
1859 3656 1977 3734 codice
2006 3675 2150 3732 extant.
2180 3659 2226 3728 At
2256 3675 2317 3725 ve·

1524 3805 1564 3854 ro
1594 3775 1893 3852 hallucinabantut
1913 3765 2169 3878 quammaxime
2197 3761 2314 3846 ludaei

1524 3891 1573 3968 illi
1602 3889 1664 3996 qui
1704 3888 1751 3965 sic
1789 3885 1998 3962 sentiebant.
2039 3885 2111 3956 Nec
2153 3879 2245 3953 euim
2275 3874 2317 3950 ad

1525 4028 1683 4080 nostrum
1714 4001 1807 4076 hunc
1838 3999 2008 4104 integrum
2039 3991 2227 4068 Bibliorum
2258 4015 2319 4065 co·

1525 4116 1637 4194 dicem
1677 4113 1878 4221 ablegantur
1918 4107 2122 4191 ludaeorum
2153 4128 2317 4211 typogra-

1526 4229 1588 4336 phi
1631 4255 1670 4304 ac
1698 4225 1850 4313 scribae,
1892 4222 1952 4300 sed
1982 4219 2024 4297 ad
2069 4216 2318 4324 Ulyssiponen·

1524 4337 1897 4418 sem·Pentateuchum
1928 4336 2007 4410 anui
2045 4357 2169 4430 1491,
2197 4331 2255 4434 qui
2278 4325 2315 4402 li·

1524 4481 1587 4530 nea
1625 4453 1730 4560 raphb
1769 4447 1961 4554 aspirandas
1999 4446 2127 4522 litteras
2165 4465 2317 4519 accurate

1523 4567 1723 4676 distinguit,
1752 4565 1812 4669 qui
1849 4565 2016 4639 sectiones
2045 4583 2079 4633 et
2108 4556 2182 4634 alia
2204 4556 2317 4629 omuia

1522 4679 1665 4757 exhibet
1686 4677 1749 4752 ad
1790 4675 2044 4752 accuratioruru
2085 4697 2162 4746 mss.
2191 4694 2230 4744 ac
2258 4693 2317 4742 sa-

668 4807 715 4857 ¹l0
751 4807 880 4880 1491,
913 4783 946 4857 5⁰
975 4781 1161 4859 CPOlitassO
1208 4808 1398 4881 1505,et
1428 4787 1463 4859 ln
1520 4819 1596 4869 crae
1638 4791 1773 4867 criticae
1802 4815 1861 4864 seu
1903 4811 2054 4863 masorae
2081 4782 2174 4890 leges
2201 4767 2318 4889 perfess

668 4893 791 4970 Bibliis
820 4893 1073 4971 Pistorensibus
1114 4921 1167 4970 au·
1205 4920 1331 4996 1517·
1369 4897 1463 4974 Libri
1520 4905 1671 4983 ctissime
1694 4925 1836 4988 exacta,
1853 4901 1913 5007 qui
1931 4899 1975 4975 ab
2003 4897 2164 5005 Hispanis
2187 4893 2316 5002 sapien-

668 5007 858 5094 Samuelis,
876 5005 1173 5114 Regssfflssssdffle
1194 5033 1232 5084 ³0
1254 5007 1461 5097 Neheffllae,
1520 5017 1612 5093 tibus
1641 5041 1758 5092 tantae
1787 5013 1880 5120 apud
1909 5011 2055 5094 Iudaeos
2096 5007 2320 5085 existimatio·

667 5145 703 5196 et
734 5121 1018 5227 Paralipomenon
1063 5119 1203 5196 unicum
1242 5147 1377 5198 tantum
1417 5123 1463 5197 li-
1520 5131 1572 5206 nis
1601 5128 1648 5206 ob
1692 5153 1844 5204 masmae
1881 5123 2033 5202 studium
2078 5147 2214 5199 summa
2244 5119 2320 5195 dili·

665 5233 796 5325 brum,
841 5258 879 5312 ut
909 5236 944 5310 in'
975 5259 1054 5309 mss.
1093 5253 1129 5310 et
1158 5234 1278 5310 ceteris
1311 5235 1461 5340 antiquis
1517 5245 1632 5353 gentis
1660 5241 1797 5328 editus,
1826 5238 2037 5316 correctione
2082 5261 2122 5310 ac
2153 5257 2320 5339 typorum

663 5346 899 5436 effithUibssss
937 5347 1173 5437 fflssstltffllssts
1202 5347 1326 5425 Psalmi
1358 5373 1460 5440 vero,
1518 5356 1687 5464 elegantia
1718 5378 1849 5431 ceteras
1878 5377 1997 5427 omues
2041 5349 2210 5425 editiones
2239 5347 2321 5422 lon·

664 5461 726 5566 qul
756 5484 978 5537 numerantur
1017 5483 1159 5548 C-fflxs
1195 5461 1377 5537 PfOVesbla
1418 5487 1458 5537 ac
1514 5468 1654 5578 gissime
1684 5490 1842 5573 supetat.
1873 5451 1950 5545 lam*
1968 5487 2049 5539 vero
2068 5486 2104 5539 ut
2128 5485 2165 5535 ut
2186 5485 2325 5535 accuta·
2360 5541 2363 5554 ,

663 5572 918 5689 Job'singuleri
948 5571 1079 5663 modo,
1104 5573 1203 5653 lineis
1235 5571 1393 5654 videlicet
1410 5575 1456 5651 al·
1514 5581 1646 5661 tissima
1684 5603 1755 5658 esse
1800 5600 1913 5656 nostra
1959 5576 2044 5653 haec
2084 5571 2199 5652 Biblia
2234 5571 2324 5650 facto
