5096 7076
535 666 561 705 s

666 723 717 798 50
1087 698 1456 772 annates
1513 699 1868 772 nan-Tra.

662 899 782 984 arguat
811 872 846 951 id
874 871 968 979 quod
998 871 1245 950 affirmaveram
1275 875 1308 951 in
1336 870 1455 982 Speci-
1493 873 1535 949 'ii
1562 872 1672 951 solent
1700 896 1776 948 eam
1801 865 1851 948 'ex
1893 868 1974 947 solis
2010 867 2198 947 hodiernae
2223 895 2303 947 ma·-

663 993 755 1064 mine
783 1015 853 1065 var.
892 989 969 1062 lect.
997 989 1166 1064 Pontificii
1205 986 1334 1065 codicis
1371 984 1454 1064 edit.
1509 1011 1606 1064 sorae
1634 984 1770 1094 legibus
1809 1009 1848 1062 ac
1875 983 2095 1058 consensione
2122 982 2302 1078 dimetiri,

659 1103 811 1210 Tubing.
853 1127 886 1206 p.
930 1103 1005 1199 96,
1040 1105 1213 1179 Romanae
1245 1129 1321 1210 pag.
1356 1101 1451 1188 108,
1506 1127 1617 1207 quum
1645 1124 1691 1176 ex
1719 1097 1914 1174 doctiorum
1942 1119 2141 1174 nostrorum
2163 1097 2301 1174 critico·

659 1240 705 1293 ex
735 1212 987 1322 praestantibus
1016 1214 1196 1291 codicibus
1225 1218 1451 1324 optimaeque
1507 1240 1586 1291 tum
1616 1213 1781 1290 sententia
1810 1237 1849 1287 ea
1878 1207 2093 1287 dimetienda
2121 1211 2236 1316 potius
2254 1211 2300 1288 sit

659 1353 761 1403 notae
801 1349 952 1404 vetustas
990 1353 1030 1404 ac
1071 1329 1246 1434 printarias
1284 1326 1453 1406 editiones
1508 1353 1554 1405 ex
1596 1325 1816 1404 consensione
1856 1350 1937 1400 cum
1967 1322 2211 1430 antiquissimis
2242 1349 2302 1402 ve·

659 1466 731 1518 esse
761 1439 918 1531 ltaustas,
947 1465 1017 1516 non
1047 1467 1119 1518 esse
1147 1445 1215 1539 iam
1239 1467 1351 1518 meras
1369 1466 1454 1517 con·
1509 1463 1679 1519 tusrorum
1722 1439 1950 1544 interpretum
1980 1438 2204 1546 autographis
2232 1463 2300 1514 co-

656 1555 880 1657 jectationes,
917 1551 978 1629 sed
1017 1579 1169 1632 constare
1209 1554 1244 1632 id
1285 1580 1361 1632 tum
1402 1579 1448 1630 en
1504 1553 1660 1632 dicibus.
1697 1557 1775 1627 Fsse
1803 1577 1919 1628 autem
1951 1574 2112 1657 possunt,
2152 1574 2187 1627 et
2216 1573 2298 1628 sunt

659 1667 876 1774 amplissimis
915 1669 1216 1776 typographorum
1257 1695 1297 1746 ac
1336 1693 1449 1747 corre·
1504 1685 1619 1776 'reapse
1649 1693 1728 1742 mss.
1756 1663 1894 1742 codices
1929 1691 1999 1742 non
2030 1663 2154 1770 pauci,
2196 1689 2301 1770 prae-

658 1805 796 1857 ctorum
826 1780 1051 1874 testimoniis,
1090 1807 1164 1857 tum
1199 1809 1244 1859 ex
1274 1782 1369 1892 facto¹
1395 1782 1447 1888 ip·
1502 1783 1619 1861 sertim
1671 1779 1879 1888 germanici,
1915 1775 2043 1868 italici,
2089 1777 2300 1884 quandoque

657 1920 696 1970 so
739 1917 774 1969 et
817 1888 1014 1970 conditione
1058 1894 1273 1972 editionum.
1329 1895 1447 1972 Multis
1504 1897 1608 1974 etiam
1638 1894 1832 2000 hispanici,
1862 1891 2064 1999 praestantis
2085 1915 2215 1982 notae,
2237 1892 2298 1997 qui

658 2033 748 2115 opus
775 2033 845 2084 nou
873 2030 945 2099 est,
974 2034 1011 2086 ut
1041 2033 1161 2084 eorum
1194 2035 1284 2117 quae
1318 2009 1451 2116 scripsi·
1505 2037 1580 2087 eam
1609 2005 1871 2086 consensionem
1901 2005 1936 2080 in
1974 2027 2073 2081 textu
2103 2003 2297 2094 exhibent,

659 2147 764 2212 mus,
792 2123 970 2197 veritatem
1001 2146 1177 2198 tueamur.
1206 2127 1331 2200 Extant
1354 2147 1451 2202 reve·
1506 2123 1566 2201 sed
1595 2146 1674 2199 suut
1703 2120 1816 2197 minus
1844 2143 2000 2196 accurate
2028 2118 2083 2194 vel
2113 2116 2218 2195 etiam
2248 2119 2300 2194 in·

656 2259 761 2310 raca
792 2232 988 2310 testimonia
1024 2235 1058 2311 in
1088 2234 1254 2312 hebraicis
1290 2237 1449 2314 editioni·
1505 2237 1687 2344 diligenter
1715 2233 1924 2338 conscripti,
1951 2257 2030 2308 sunt
2059 2257 2094 2309 et
2123 2231 2295 2310 editiones

656 2346 722 2423 bus
752 2371 807 2424 xv
848 2347 980 2434 seculi,
1026 2373 1065 2425 ut
1108 2349 1257 2426 vidimus
1298 2353 1332 2429 in
1360 2353 1449 2427 Diss.
1504 2375 1594 2458 quae
1636 2373 1756 2426 eorum
1802 2345 2035 2422 conditionem
2082 2370 2296 2452 sequuntur.

655 2459 811 2566 praelim.
838 2463 874 2558 S.
903 2486 993 2553 xxi,
1024 2462 1084 2538 ttbi
1104 2461 1149 2540 de
1171 2463 1238 2538 hoc
1266 2490 1447 2573 argumen·
1506 2470 1619 2571 Atque
1662 2459 1832 2566 ejusmodi
1873 2485 1923 2536 est
1962 2458 2071 2534 editio
2113 2483 2227 2534 nostra
2256 2486 2297 2537 ac

655 2596 836 2679 toactum
862 2598 935 2659 est,
979 2575 1119 2682 ipsaque
1164 2599 1279 2654 nostra
1318 2578 1448 2668 editio,
1504 2576 1721 2684 sequentium
1741 2571 2070 2682 Agiographorum.
2099 2578 2297 2650 Scatentea

657 2684 808 2764 referens
842 2674 1045 2766 intrectotis
1076 2688 1186 2766 studia
1217 2713 1251 2765 et
1280 2717 1444 2780 conatus,
1501 2690 1697 2778 erroribus,
1724 2687 1784 2766 sed
1812 2688 1977 2764 lectiones
2008 2711 2146 2764 servant
2180 2686 2296 2761 infini-

656 2823 697 2876 ut
724 2825 900 2886 accuratos
930 2800 1070 2879 codices
1099 2805 1284 2908 reperiret,
1304 2809 1444 2912 ejusque
1502 2831 1550 2882 tas
1578 2804 1729 2912 egregias
1771 2825 1806 2878 et
1834 2802 1983 2909 optimae
2027 2823 2152 2886 notae,
2184 2825 2220 2874 ut
2248 2825 2294 2877 etr

652 2915 907 3000 excusationes,
928 2940 977 2991 sat
1007 2915 1155 2992 ostendit
1178 2943 1351 3022 receptam
1373 2920 1445 2995 etli-
1500 2919 1593 2995 edita
1634 2942 1748 2993 nostra
1792 2916 1974 2990 Variarum
2013 2913 2217 2989 Lectionum
2248 2917 2291 2990 V.

652 3047 767 3104 torum
789 3029 924 3133 praxim
939 3054 999 3104 eos
1020 3025 1221 3106 adhibendi.
1242 3035 1321 3130 Ejus
1339 3031 1443 3108 etiam
1501 3039 1546 3108 Τ.
1573 3030 1709 3140 sylloge
1738 3051 1832 3136 patet
1862 3026 2158 3105 luculentissime.
2199 3029 2294 3104 Haec

650 3141 786 3247 generis
814 3164 895 3216 sunt
922 3168 1054 3233 errata,
1075 3168 1163 3248 quae
1192 3143 1226 3217 in
1257 3144 1325 3220 hoc
1354 3143 1446 3221 Psal·
1500 3144 1546 3222 de
1574 3174 1671 3224 sacto
1700 3168 1824 3220 textu.

651 3255 779 3328 terium
810 3253 1039 3356 irrepserunt,
1072 3279 1109 3331 nt
1140 3280 1252 3362 pateat
1281 3283 1446 3366 typogra·
1586 3259 1740 3336 Kimcltii
1770 3253 2044 3333 Commentarius
2071 3277 2123 3329 est
2152 3275 2186 3328 et
2218 3251 2292 3360 ipse

651 3367 776 3473 phicae
806 3369 920 3471 potius
959 3369 1038 3443 artis
1066 3394 1159 3459 esse,
1199 3371 1233 3447 in
1262 3399 1331 3478 qna
1360 3372 1442 3446 novi
1501 3370 1535 3446 in
1564 3373 1629 3450 hac
1668 3372 1819 3446 editione
1860 3367 1972 3442 multo
2004 3366 2136 3471 plenior
2165 3389 2200 3440 et
2229 3395 2295 3444 au-

650 3480 753 3585 plane
783 3476 941 3554 homines
968 3506 1084 3570 erant,
1112 3507 1217 3586 quam
1239 3483 1441 3594 autographi
1498 3484 1605 3562 ctior.
1647 3484 1784 3560 Etenim
1812 3478 1945 3589 singula
1972 3479 2046 3555 loca
2076 3503 2163 3586 qnae
2195 3479 2294 3556 Chri·

651 3590 748 3700 quod
778 3617 1050 3698 assumpserant,
1089 3592 1246 3702 hancque
1278 3600 1445 3704 posterio-
1500 3597 1629 3677 stianos
1659 3597 1713 3673 vel
1742 3621 1863 3673 eorum
1894 3593 2094 3700 religionem
2125 3593 2294 3669 lacessunt

651 3731 727 3782 rem
758 3707 985 3782 excusationis
1013 3734 1165 3784 caussam
1196 3709 1364 3788 minorem
1386 3739 1444 3789 te·
1501 3712 1535 3788 in
1568 3711 1810 3818 posterioribus
1838 3705 2047 3783 editionibus
2080 3706 2203 3781 omissa
2226 3706 2293 3783 nel

649 3820 761 3930 ritatis
790 3821 939 3926 speciem
968 3818 1115 3897 habete.
1145 3826 1233 3920 Quis
1260 3825 1350 3901 enim
1369 3851 1442 3903 cre-
1497 3849 1649 3919 mutata,
1678 3820 1895 3932 integerrima
1926 3820 2005 3906 hic,
2034 3843 2071 3894 nt
2101 3819 2135 3893 in
2167 3821 2296 3926 prima·

650 3932 711 4008 dat
740 3932 774 4007 in
805 3932 894 4008 urbe
928 3935 1085 4040 Neapolis
1122 3961 1296 4015 accuratos
1326 3941 1440 4047 Agio-
1497 3939 1545 4014 ria
1574 3940 1652 4015 anni
1691 3964 1792 4038 1477
1823 3933 2055 4012 exhibentur.
2085 3940 2199 4009 lnttoo
2228 3959 2295 4010 no-

648 4044 861 4153 graphorum
904 4045 1038 4125 codices
1078 4049 1249 4142 defuisse,
1290 4079 1377 4156 quos
1407 4055 1441 4130 in
1500 4076 1566 4128 stra
1610 4053 1692 4129 haec
1730 4075 1779 4128 est
1819 4047 2006 4154 aliqnando
2049 4045 2209 4135 liberior,
2256 4073 2294 4124 nt

648 4161 765 4264 primo
796 4159 862 4234 hoc
892 4159 1069 4269 vulgando
1101 4163 1239 4268 publico
1269 4166 1350 4240 artis
1378 4166 1443 4242 hu-
1499 4165 1612 4240 statim
1644 4189 1776 4242 constat
1805 4189 1850 4237 ex
1878 4160 2013 4236 Psalmo
2043 4160 2117 4264 ipso
2147 4185 2199 4248 tr,
2228 4161 2292 4237 ubi

646 4277 702 4378 jus
731 4273 917 4378 specimine
960 4275 1149 4384 deligerent
1190 4305 1230 4351 ac
1258 4303 1443 4382 sequeten-
1499 4275 1534 4352 in
1564 4279 1757 4385 antiquiore
1797 4276 1854 4352 illa
1894 4299 1948 4350 au.
1986 4299 2087 4372 1477
2119 4301 2292 4350 sacrosan·

647 4391 728 4462 tut?
754 4386 822 4462 Sed
844 4387 877 4462 id
899 4390 1155 4464 concedamus.
1183 4391 1320 4466 Codicis
1342 4418 1443 4497 prae·
1496 4405 1554 4468 c'to
1582 4391 1761 4468 servatoris
1778 4389 1885 4465 nostri
1907 4391 2046 4464 nomine
2068 4413 2169 4464 <aute
2194 4415 2294 4496 prae·

648 4501 772 4574 stantia
815 4525 883 4574 non
924 4527 994 4575 ram
1036 4503 1164 4608 pendet
1202 4529 1246 4580 ex
1284 4529 1440 4582 accurata
1499 4505 1682 4589 termisso,
1709 4503 1872 4580 dicuutur
1899 4501 2080 4576 Christiani
2110 4500 2208 4577 illurn
2239 4502 2291 4576 in-

648 4637 690 4686 ac
721 4613 878 4718 diligenti
901 4613 1153 4721 descriptione,
1178 4645 1281 4722 quam
1310 4643 1356 4693 ex
1376 4645 1438 4724 op-
1498 4618 1672 4724 terpretari
1703 4638 1792 4695 turen
1818 4637 1894 4692 tntu
1921 4612 1963 4698 ‘au
1992 4619 2032 4688 de
2061 4642 2098 4688 eo
2120 4627 2214 4689 aito.
2243 4621 2291 4690 At

648 4729 734 4800 tima
763 4723 962 4802 conditione
993 4755 1031 4803 ac
1061 4728 1208 4805 lectione
1237 4754 1351 4808 textus
1378 4732 1439 4837 qui
1497 4730 1532 4806 in
1562 4731 1789 4838 Neapolitana
1818 4729 2000 4808 clarissime
2026 4747 2078 4804 ttt'
2106 4725 2148 4810 ὃν
2171 4735 2212 4803 rie
2232 4733 2292 4806 Ie·

646 4863 690 4913 eo
719 4838 941 4928 continetur,
960 4840 1117 4946 hancque
1139 4868 1202 4919 nos
1224 4845 1440 4949 potissimum
1497 4873 1559 4920 stt.
1590 4846 1647 4922 Sic
1674 4844 1761 4920 Psal.
1790 4868 1875 4922 xxn
1910 4867 1959 4941 32
1991 4839 2045 4916 illa
2076 4839 2218 4924 n'lnnit
2240 4850 2291 4917 in·

647 4953 836 5059 respicere,
868 4979 978 5061 quum
1007 4951 1051 5029 de
1091 4979 1284 5034 nostrarum
1314 4959 1441 5034 editio·
1498 4968 1699 5043 circumcisi,
1725 4957 1810 5032 haec
1839 4975 1991 5034 :nutam
2021 4959 2224 5030 Christiani.
2251 4961 2291 5031 ln

647 5086 732 5140 num
767 5069 993 5172 praestantia,
1035 5066 1180 5146 utilitate
1209 5095 1243 5147 et
1273 5099 1335 5146 usu
1367 5072 1441 5174 agi·
1499 5070 1623 5147 horum
1655 5071 1830 5148 nonnullis
1851 5092 1963 5146 nostra
1988 5067 2079 5142 illam
2101 5067 2290 5154 emendat,

647 5202 726 5269 tur,
755 5204 872 5286 aperte
912 5179 1054 5287 professi
1083 5207 1218 5258 sumus.
1259 5185 1312 5259 nd
1344 5187 1441 5293 prio·
1497 5207 1534 5260 ut
1564 5183 1649 5260 Psal.
1679 5209 1734 5260 vn
1767 5191 1813 5272 8,
1857 5183 1916 5258 nbi
1946 5179 2052 5257 editio
2093 5207 2148 5256 an.
2184 5207 2287 5280 ¹477

647 5319 720 5370 rem
750 5291 843 5368 illam
884 5292 1094 5402 arguendam
1134 5323 1230 5371 snam
1271 5323 1332 5374 nec
1360 5299 1439 5374 exi·
1495 5321 1590 5372 notat
1617 5297 1827 5375 Christianos
1856 5321 1936 5372 eum
1967 5319 2103 5370 versum
2132 5319 2288 5400 expone·

646 5431 750 5514 guam
782 5411 851 5483 vim
883 5406 1010 5484 habent
1032 5406 1240 5490 Iudaeorum
1263 5409 1437 5488 editorum
1495 5437 1532 5490 re
1561 5408 1661 5490 isio*
1688 5409 1731 5493 in
1759 5417 1799 5485 de
1828 5415 1955 5494 Israel,
1984 5407 2203 5514 Neapolitana
2234 5433 2286 5485 re·

646 5523 862 5612 testimonia,
882 5524 926 5599 ad
944 5523 1033 5600 hanc
1056 5521 1337 5613 infirmissimam,
1356 5526 1438 5634 quia
1495 5548 1549 5601 cte
1577 5546 1629 5601 tut*
1657 5521 1699 5608 ln
1727 5533 1768 5602 de
1789 5531 1894 5618 Iesu,
1922 5547 1962 5601 ut
1989 5519 2055 5599 sert
2083 5543 2286 5599 contextus.
