5146 7094
821 683 1389 758 etusearnt
1873 681 1921 780 m

286 861 389 946 barm
415 859 456 940 ha
489 881 557 942 :ut
585 857 677 936 'rc-rr
712 881 791 952 eran
817 881 1074 938 renouentur
1131 885 1157 938 rr
1186 857 1240 936 ed.
1270 885 1349 969 pag.
1381 883 1483 960 543,
1524 857 1695 935 Biscionio
1724 858 1811 936 Bibl.
1841 857 1925 938 heb.

289 1001 370 1074 ante
397 1031 419 1066 „
449 972 656 1052 Absolutum
683 997 734 1049 est
763 997 876 1049 autem
902 999 1005 1048 omne
1024 999 1074 1048 ar·
1131 973 1220 1048 Flor.
1253 974 1287 1046 8.
1326 1000 1402 1080 pag.
1439 999 1506 1074 32,
1537 1001 1555 1050 a
1586 1001 1642 1050 me
1672 974 1747 1080 ipso
1775 973 1859 1052 olim
1889 975 1925 1051 in

289 1093 433 1170 tificium
458 1088 561 1186 hujus
581 1084 680 1178 libri,
701 1084 784 1163 dicti
806 1085 1078 1163 Meclrabberbtlr
1134 1085 1283 1192 Disquis.
1311 1086 1355 1163 de
1384 1086 1465 1163 heb.
1494 1110 1570 1194 typ.
1597 1089 1681 1194 orig.
1712 1114 1748 1194 p.
1778 1113 1855 1188 49,
1885 1113 1926 1164 ac

287 1201 510 1294 Immanuel,
539 1225 599 1308 per
638 1226 777 1276 manum
806 1199 940 1276 minimi
970 1224 1079 1308 typo·
1134 1200 1331 1306 nuperrime
1360 1225 1380 1274 a
1409 1204 1560 1278 Panzero
1592 1200 1715 1276 Annal.
1744 1227 1819 1307 typ.
1842 1227 1925 1278 tom.

287 1319 503 1430 grapborurn
529 1319 677 1392 Gersom
708 1312 918 1422 typographi
945 1313 1006 1388 filii
1028 1339 1078 1389 sa·
1134 1319 1173 1400 l,
1207 1335 1241 1388 et
1271 1311 1476 1389 Audifredio
1505 1311 1538 1387 in
1568 1314 1715 1419 Specim.
1745 1315 1822 1392 hist.
1852 1315 1926 1392 crit.
2030 1316 2036 1328 '

288 1431 482 1541 pientispR.
510 1427 618 1505 Mosis
648 1428 849 1526 (memoria
875 1427 956 1530 justi
983 1428 1078 1502 sitin
1135 1426 1328 1504 editionum
1359 1425 1547 1504 italicarum
1577 1453 1641 1502 see.
1669 1453 1723 1504 xv
1756 1455 1791 1534 p.
1828 1432 1924 1524 165,

287 1543 561 1642 benedictione)
597 1565 643 1617 ert
682 1542 812 1616 semine
852 1538 976 1627 lsrael,
1015 1539 1079 1615 viri
1136 1541 1181 1617 ab
1218 1541 1378 1617 omnibus
1417 1567 1486 1618 utro
1530 1542 1637 1617 verbo
1676 1541 1736 1646 qui
1778 1541 1822 1618 de
1862 1541 1929 1620 lrac

289 1657 502 1738 Soucinatis.
545 1655 624 1732 Fuit
652 1681 756 1761 porro
784 1655 1079 1760 complementum
1139 1679 1252 1730 nostra
1292 1653 1444 1728 editione
1484 1679 1648 1760 egerunt.
1695 1656 1927 1762 Corrigendus

289 1779 365 1879 ejus
393 1773 450 1847 hic
489 1769 623 1845 Brixiae
652 1791 741 1873 quae
777 1794 827 1844 est
855 1767 921 1843 sub
949 1765 1080 1842 ditione
1137 1769 1241 1844 etiam
1263 1769 1298 1844 io
1322 1767 1495 1843 nonnullis
1523 1767 1740 1854 auctoribus,
1771 1795 1807 1844 ut
1836 1768 1950 1846 Che·x

289 1884 520 1965 serenissimae
557 1882 780 1989 Reipublicae
817 1886 989 1969 Venetae,
1016 1907 1082 1957 cu·
1137 1883 1292 1970 villerio,
1319 1879 1485 1958 Orlandio
1523 1903 1562 1958 ac
1593 1878 1801 1972 Maittaitio,
1831 1910 1931 1959 meu·

291 2005 346 2105 jus
386 1997 493 2107 gloria
533 1996 741 2084 extollatur,
784 1993 890 2072 hodie
930 1995 1010 2102 feria
1052 2018 1080 2069 ιι
1137 1995 1241 2074 dosus
1267 1995 1385 2072 titulus
1414 2001 1658 2070 Mceltaberr'th.
1676 1997 1929 2087 ‘Buttorfium,

289 2111 529 2189 hebdomadae
558 2111 614 2186 die
644 2135 742 2187 xxvr
765 2106 890 2186 mensis
914 2107 1081 2184 marches·
1136 2115 1197 2218 qui
1226 2113 1259 2188 itr
1300 2110 1507 2216 praefatione
1536 2108 1579 2184 ad
1609 2109 1828 2218 Florilegium
1861 2111 1959 2212 lte-¹

291 2254 357 2306 vau
387 2251 477 2302 anno
515 2224 668 2329 quinque
706 2221 887 2300 millesimo
916 2248 956 2299 ac
985 2245 1078 2297 ecurt
1137 2224 1288 2303 braicum
1321 2252 1352 2330 p.
1394 2251 1436 2300 ra
1468 2248 1607 2299 testatur
1646 2221 1731 2300 duas
1761 2249 1834 2301 esse
1863 2253 1927 2301 no·
2034 2295 2036 2301 .

290 2340 423 2418 co'uditi
472 2337 585 2412 orbis.
631 2339 801 2413 Dominus
843 2333 1080 2412 misericordiis
1136 2341 1194 2418 stri
1223 2338 1302 2414 libri
1332 2335 1522 2430 editiones,
1550 2335 1769 2413 CPolitauam
1800 2361 1835 2418 et
1860 2343 1933 2415 Ve-

293 2455 362 2528 suis
390 2451 513 2558 dignos
544 2475 604 2524 uos
632 2450 731 2524 saciat
761 2449 923 2526 inchoare
948 2474 982 2524 et
1005 2473 1080 2554 per·
1105 2447 1274 2541 betam,
1303 2453 1391 2528 inter
1418 2477 1502 2555 quas
1533 2451 1615 2525 haec
1645 2476 1694 2526 est
1725 2451 1938 2544 differentia,

291 2567 393 2642 ficere
423 2562 573 2667 reliquos
600 2561 706 2638 libros
736 2585 872 2638 sanctos
900 2558 1081 2638 abscondi·
1134 2565 1232 2675 quod
1263 2568 1294 2642 in
1338 2563 1519 2641 cpolitano
1558 2589 1682 2668 puncta
1725 2565 1929 2644 carminibus

289 2703 344 2754 tos
372 2675 528 2784 saphiros
557 2677 590 2751 in
621 2675 696 2782 lege
724 2675 811 2764 Dei,
846 2699 880 2749 et
910 2701 1083 2780 propaga-
1136 2683 1203 2756 sint
1232 2680 1387 2782 adjecta,
1419 2683 1569 2752 Venetae
1599 2677 1739 2752 uortriue
1768 2679 1931 2755 Brittieu-

291 2819 327 2869 re
370 2792 484 2900 legem
524 2789 558 2864 in
589 2786 700 2898 ‚lsrael
740 2793 838 2890 juxte
872 2785 1081 2864 desiderium
1137 2820 1208 2872 sem
1239 2818 1389 2870 nostram
1430 2789 1618 2896 intelligere
1659 2815 1748 2866 recte
1787 2794 1928 2894 conjicit

291 2905 426 2981 animae
461 2925 620 2988 nostrae,
645 2901 875 3006 laetificetque
915 2926 976 2976 nos
1017 2924 1082 2976 ae-
1139 2907 1283 2984 Wollius
1333 2929 1507 3011 postremo
1545 2903 1646 2978 loco.
1670 2907 1794 2980 'Extat
1836 2907 1929 2982 euim

291 3017 487 3095 dificatione
536 3015 647 3091 arietis
683 3041 766 3092 cum
810 3013 907 3091 omni
958 3015 1082 3091 lsrael.
1139 3048 1256 3128 reapse
1286 3020 1372 3095 inter
1405 3042 1583 3122 utramque
1613 3015 1699 3093 illud
1729 3017 1931 3108 discrimen,

290 3141 401 3209 Arnen
431 3183 473 3222 „.
1139 3163 1179 3213 ac
1203 3133 1389 3211 'Brittiensis
1412 3133 1548 3239 punctis
1568 3128 1785 3220 destituitur,
1805 3137 1937 3238 quum·'

376 3245 548 3334 Wolfius,
575 3245 636 3353 qui
665 3243 805 3326 latinam
836 3248 923 3329 hane
951 3243 1084 3356 epigra·
1140 3277 1208 3360 que
1237 3248 1369 3326 dicatur
1398 3244 1591 3323 inditione
1620 3250 1771 3321 Venetae
1803 3248 1932 3354 Reipu-

292 3359 399 3466 phem
430 3358 559 3466 profert
600 3367 730 3439 tom-l
768 3389 845 3470 pag.
881 3389 1012 3466 1030,
1038 3357 1083 3437 de
1139 3367 1250 3444 blicae
1290 3363 1485 3454 elaborate,
1527 3359 1682 3467 neglecta
1713 3355 1931 3466 praecedenti

293 3475 517 3551 Souciuaturn
560 3501 663 3583 agens
704 3473 854 3565 familia,
896 3477 997 3556 vertit
1024 3473 1083 3551 die
1141 3481 1225 3558 urbe
1264 3478 1406 3584 solaque
1445 3473 1562 3552 habita
1600 3473 1743 3549 dominii
1774 3499 1814 3548 ac
1844 3499 1931 3578 pro-

291 3612 319 3662 ιι
349 3585 529 3676 subbathi,
556 3615 666 3694 quum
696 3612 812 3666 tamen
840 3617 890 3668 sat
919 3617 963 3668 err
994 3614 1083 3664 con·
1139 3596 1271 3673 vinciae
1309 3591 1462 3678 ratione,
1503 3593 1672 3666 Venetam
1726 3587 1929 3663 Bnrttorfius

292 3725 392 3776 textu
423 3701 501 3807 ipso
529 3727 662 3777 constet
693 3699 752 3780 hic
772 3728 815 3778 eo
837 3705 976 3781 nomine
999 3701 1084 3778 heb
1138 3707 1248 3785 latiori
1279 3705 1344 3780 hac
1383 3702 1631 3811 significatione
1661 3703 1776 3807 potuit
1805 3701 1953 3806 appel--

292 3811 478 3889 domadam
507 3817 603 3915 juxta
632 3813 841 3896 ludaeorum
872 3843 973 3894 usurn
998 3815 1084 3890 anti·
1139 3821 1228 3898 lare.
1259 3825 1306 3893 Αι
1335 3843 1418 3894 vero
1447 3816 1484 3891 id
1513 3815 1593 3891 fecit
1623 3815 1819 3891 Burttorfius
1839 3815 1932 3890 filius
2016 3905 2019 3914 ,

292 3926 495 4031 quissimum
525 3952 562 4001 ac
591 3925 891 4006 familiarissimum
919 3926 1082 4034 intelligi.
1139 3960 1231 4021 non,
1261 3957 1296 4006 ut
1327 3930 1473 4007 Wolfius
1502 3951 1622 4034 putat,
1650 3931 1848 4004 Burttotlnrs
1871 3955 1933 4034 pa·
1972 3979 1975 3984 ,

294 4046 366 4116 Nec
397 4063 552 4114 accurate
580 4038 697 4114 subdit
719 4040 811 4116 diem
831 4067 929 4118 xxvr
958 4039 1082 4116 mensis
1140 4071 1216 4135 ter,
1244 4047 1304 4148 qui
1333 4043 1545 4118 Bririensem
1574 4039 1762 4134 editionem
1795 4043 1932 4146 penitus

293 4149 514 4228 marchesvan
544 4151 677 4226 octobri
719 4179 837 4231 nostro
877 4151 1082 4260 respondere
1139 4157 1327 4266 ignoravit,
1356 4153 1579 4232 CPolitauam
1609 4151 1715 4228 solam
1742 4179 1932 4262 agnoscens

293 4269 352 4372 qui
395 4265 575 4341 novembri
617 4265 823 4371 respondet.
862 4267 990 4343 Mensis
1018 4292 1084 4342 au·
1138 4299 1177 4347 ae
1218 4294 1439 4358 memorans,
1479 4289 1585 4372 quam
1625 4265 1747 4340 merito
1786 4266 1929 4370 quidem

293 4406 364 4455 tem
383 4377 437 4454 hic
457 4378 650 4485 pertinebat
664 4379 707 4454 nd
723 4407 849 4458 annum
868 4405 1022 4457 nostrum
1038 4375 1082 4453 ad
1139 4414 1173 4491 p.
1207 4385 1282 4485 367
1313 4378 1544 4458 Bibliothecae
1573 4377 1670 4454 rabb.
1700 4403 1799 4454 vocat
1826 4379 1930 4455 raris·

292 4493 396 4569 finem
437 4517 635 4601 vergentem
681 4519 805 4594 ¹491,
842 4521 911 4571 non
956 4519 1083 4593 1492,
1140 4501 1285 4584 simam,
1316 4517 1354 4571 ut
1393 4519 1473 4570 sane
1502 4517 1553 4568 est
1582 4491 1667 4568 haec
1704 4515 1841 4580 nostra,
1869 4490 1934 4569 sed

293 4605 443 4712 ideoque
472 4608 516 4680 ad
545 4605 643 4682 illum
674 4635 802 4683 aunum
831 4633 882 4686 est
901 4607 1086 4684 amandan·
1142 4636 1320 4720 perperam
1349 4606 1392 4684 ad
1421 4632 1551 4684 annum
1588 4629 1690 4702 1540
1718 4604 1816 4681 etad
1838 4609 1932 4681 Ger-

294 4719 338 4797 da
369 4719 499 4806 editio,
539 4746 608 4794 non
650 4719 694 4796 ad
732 4748 859 4820 1492,
889 4748 925 4798 ut
954 4721 1084 4797 sactum
1141 4751 1258 4802 sonem
1278 4747 1432 4798 nostrum
1450 4718 1669 4797 Soncinatem
1686 4717 1930 4825 refert,quum

295 4861 344 4911 est
374 4860 394 4908 a
424 4832 551 4908 Wollio
593 4831 668 4938 ipso
707 4861 981 4916 commemorato
1008 4834 1086 4910 loco
1142 4837 1185 4914 ad
1215 4839 1403 4914 Eliezerem
1432 4839 1506 4940 ejus
1534 4832 1643 4908 filium
1672 4854 1705 4908 et
1735 4832 1777 4907 ad
1799 4859 1930 4908 annum

295 4973 328 5022 et
359 4974 392 5054 p.
425 4974 499 5048 951
546 4945 682 5036 leol,
722 4973 757 5024 et
786 4974 829 5025 ιιι
870 4977 904 5056 p.
936 4943 1085 5035 880,a
1150 4979 1161 5028 r
1175 4977 1249 5052 535
1281 4951 1323 5025 sit
1359 4944 1556 5024 referenda.
1592 4943 1698 5045 Quod
1728 4945 1933 5022 Euttorfius

297 5059 512 5138 Bartoloccio
553 5058 640 5136 Bibl.
682 5061 777 5139 rabb.
816 5089 900 5139 tom.
936 5087 976 5137 ιιι
1007 5087 1085 5169 pag·
1143 5065 1251 5150 filius,
1270 5063 1337 5138 hoc
1366 5059 1459 5137 idem
1483 5060 1563 5138 fecit
1584 5059 1839 5150 bertoloecius,
1869 5059 1932 5165 qui

302 5177 407 5264 286,
446 5171 704 5251 aChevillerio
743 5180 796 5251 De
834 5178 922 5285 orig.
950 5201 1038 5284 typ·
1055 5203 1088 5282 p·
1143 5177 1333 5254 editionem
1361 5199 1511 5251 nostram
1539 5198 1716 5250 recensens
1744 5223 1768 5262 „
1799 5200 1932 5265 unum,

302 5291 406 5386 265,
442 5287 486 5362 ab
514 5286 680 5362 Orlartdio
711 5296 805 5390 Orig.
832 5296 922 5366 della
951 5299 1089 5383 stampe
1145 5291 1279 5396 inquit,
1318 5313 1363 5364 ert
1410 5287 1503 5364 hisee
1543 5282 1799 5390 exemplaribus
1836 5284 1931 5392 apud

284 5427 369 5508 par.
398 5407 413 5476 l
443 5427 478 5508 p.
515 5403 619 5499 165,
648 5426 680 5478 et
711 5428 738 5478 rr
770 5429 802 5510 p
837 5407 940 5502 369,
976 5401 1086 5476 Mait-
1145 5429 1200 5479 me
1230 5401 1364 5478 habeo.
1391 5407 1430 5476 ln
1453 5401 1590 5476 Venetis
1615 5399 1721 5474 multa
1741 5423 1818 5474 sunt
1841 5425 1931 5501 quae

302 5513 401 5592 taitio
444 5514 567 5592 Annal.
604 5539 681 5623 typ
719 5542 802 5594 tom.
831 5519 847 5590 1
875 5543 912 5627 p.
945 5539 1021 5616 312
1052 5539 1087 5592 et
1145 5541 1297 5596 correcta
1325 5513 1483 5600 fuerunt,
1513 5537 1547 5590 et
1576 5537 1669 5588 eraut
1689 5535 1808 5588 contra
1831 5512 1932 5590 Chri·
