5222 7090
815 667 894 742 oa
920 641 1453 744 transmontanus
1782 663 1787 670 ·
1869 687 1968 742 arn

313 839 401 930 blia
434 839 522 929 sine
543 871 607 930 an·
639 863 682 930 et
702 836 824 948 loco,
856 835 1109 930 Sonciuensi
1164 868 1360 964 superat,
1392 839 1583 965 adeoque
1616 839 1872 930 eredendum
1900 865 1962 932 est

310 967 588 1094 typographo
605 965 861 1058 debeantur·
880 965 1011 1060 Suum
1025 991 1108 1059 stat
1165 965 1524 1062 Plebisaccensem
1570 964 1773 1072 artificem
1818 1002 1963 1061 eorum

309 1125 351 1188 et
386 1095 556 1187 Brixiae
591 1095 743 1206 decus,
764 1097 1027 1219 potissimum
1048 1093 1108 1186 ob
1166 1099 1477 1222 impressionem
1498 1124 1595 1190 ante
1623 1095 1878 1223 Regiensem
1900 1132 1966 1189 su-

311 1227 476 1350 integra
509 1222 651 1315 Biblia
684 1221 881 1315 lectionis
910 1228 1110 1317 varietate
1167 1228 1380 1350 scepisse,
1432 1228 1672 1352 praesertim
1733 1259 1825 1318 eum
1880 1228 1968 1353 ejus

308 1353 493 1478 insignia
537 1385 585 1443 ac
628 1350 960 1446 Soneineusibus
988 1349 1111 1481 'ipsis
1168 1388 1279 1446 mors
1301 1357 1601 1480 intercesserit,
1621 1354 1968 1482 quaesoletopc·

307 1485 488 1573 rariora.
532 1478 690 1592 Suum,
733 1479 930 1605 illudque
979 1486 1113 1574 maxi·
1170 1517 1305 1576 rarum
1333 1489 1677 1576 intermissionem
1716 1516 1858 1576 secum
1891 1483 1968 1574 de-

308 1643 448 1721 mum,
481 1607 737 1736 Ulyssiponi
770 1641 819 1701 ac
841 1607 1026 1724 Leiriae,
1054 1609 1113 1702 ob
1170 1609 1303 1704 ferre.
1346 1609 1481 1737 lgitur
1524 1612 1634 1705 Abr.
1674 1611 1760 1702 beu
1794 1610 1966 1702 Garton

308 1770 504 1828 summam
539 1765 743 1865 typorum
775 1737 1028 1864 elegantiam
1059 1775 1108 1832 ac
1164 1745 1323 1868 primus
1371 1772 1436 1833 est
1482 1747 1559 1870 qui
1611 1743 1708 1833 artis
1751 1745 1966 1866 specimen

309 1871 632 1974 correctionem,
666 1901 750 1992 qua
783 1901 924 1959 earum
954 1868 1110 1962 editio·
1163 1870 1377 1978 ediderit,
1422 1871 1498 1962 sed
1544 1869 1801 1963 Mescullam
1848 1865 1967 1960 Kozl

308 2027 382 2086 nes
415 1995 701 2087 nobilitantur
732 2029 781 2088 ac
814 1996 989 2126 reliquis
1022 2033 1108 2091 om·
1165 2003 1321 2124 primus
1355 1999 1527 2092 videtur
1555 2001 1630 2128 qui
1658 2033 1745 2090 eam
1776 2031 1977 2089 exercue-

309 2123 437 2216 nibus
470 2149 701 2254 praestant.
1165 2129 1238 2218 rit.
1273 2123 1408 2218 Anno
1441 2131 1631 2255 sequenti
1667 2127 1813 2219 floruit
1846 2123 1971 2216 Man·

1129 2321 1131 2326 -
1165 2283 1263 2348 tuae
1298 2257 1405 2347 Abr.
1426 2256 1642 2367 Conatus,
1664 2255 1877 2349 Ferrariae
1899 2289 1972 2345 au-

589 2316 629 2442 S‘
685 2349 717 2408 x
739 2349 766 2405 v
788 2351 834 2409 Η
1166 2411 1251 2478 tem
1285 2385 1392 2476 Abr.
1413 2384 1510 2478 ben
1545 2384 1715 2478 Chaiim
1751 2382 1971 2474 Pisauren-

1168 2519 1252 2620 sis,
1297 2518 1373 2637 qui
1415 2545 1461 2606 et
1504 2514 1652 2640 paullo
1694 2538 1792 2640 post
1826 2511 1974 2603 Bono·

1168 2645 1303 2754 niam,
1337 2640 1492 2734 deinde
1526 2645 1757 2736 Soncinum
1794 2669 1970 2734 vocatus

407 2763 473 2857 Ex
508 2771 809 2894 antiquissimis
849 2766 1110 2863 Judaeorum
1169 2796 1256 2882 est,
1288 2795 1336 2860 ut
1369 2769 1592 2896 splendida
1627 2770 1855 2896 utrobique
1874 2769 1970 2860 ede-

309 2897 594 3022 typographis
627 2894 746 3011 bini,
770 2895 983 2991 Abrben
1003 2896 1113 2991 Gar·
1169 2927 1234 2990 ret
1276 2899 1376 2990 artis
1417 2927 1461 2991 et
1509 2902 1672 3028 ingenii
1716 2901 1781 2990 sui
1822 2931 1972 2988 monu-

308 3051 459 3114 tonet
495 3023 747 3116 Mescullam
781 3023 923 3142 Kozi,
956 3031 1110 3153 prima·
1168 3053 1332 3117 menta.
1379 3023 1637 3118 Floruerunt
1682 3053 1725 3118 et
1759 3029 1891 3152 prima
1925 3024 1975 3114 il-

308 3179 377 3244 tus
409 3153 613 3245 honorem
647 3157 864 3279 promeriti
885 3185 1011 3267 sunt,
1031 3159 1107 3283 qui
1164 3153 1205 3246 la
1238 3155 1550 3283 typographiae
1583 3181 1718 3247 aetate
1751 3153 1972 3264 Obadias,

308 3283 458 3374 eodem
499 3308 687 3406 tempore
732 3309 774 3374 et
807 3317 923 3376 anuo
962 3305 1105 3402 1475,
1166 3281 1384 3376 Manasses
1409 3317 1457 3376 ac
1478 3282 1703 3376 Beniamin
1735 3283 1789 3376 de
1809 3279 1968 3394 Roma,

309 3411 415 3502 alter
468 3409 640 3536 quidem
686 3408 817 3539 Regii
861 3411 1104 3520 Calabriae,
1163 3412 1317 3539 quibus
1358 3412 1572 3506 debentur
1611 3411 1839 3538 quadratae
1871 3411 1969 3502 edi-

307 3540 416 3630 alter
465 3537 729 3649 Plebisacci,
773 3544 905 3666 prima
945 3545 1044 3635 artis
1084 3577 1106 3632 a
1163 3543 1303 3634 tiones
1337 3545 1427 3634 sine
1460 3571 1529 3632 an.
1543 3567 1591 3632 et
1611 3542 1662 3650 l.,
1693 3570 1738 3633 et
1773 3540 1965 3646 Chaiim,

308 3701 351 3760 se
396 3669 620 3760 meditatae
652 3673 883 3763 tentamina
927 3671 1106 3797 primos·
1166 3667 1478 3762 Mardochaeus
1515 3696 1559 3762 et
1592 3666 1787 3762 Ezechias
1831 3665 1968 3760 Mon-

310 3829 394 3921 que
429 3793 569 3887 foetus
603 3797 850 3890 ediderunt.
889 3798 976 3892 Sed
1010 3800 1107 3925 pri·
1164 3823 1261 3910 tro,
1293 3801 1369 3925 qui
1392 3805 1514 3891 vanno
1554 3821 1673 3914 1477
1698 3802 1830 3924 prima
1862 3801 1974 3890 sacti

310 3957 400 4016 mus
425 3929 501 4051 qui
534 3929 660 4018 unius
693 3951 854 4018 tantum
888 3927 1001 4039 vol,
1032 3959 1109 4020 seu
1168 3952 1311 4054 reatus
1343 3926 1534 4019 editione
1567 3959 1722 4017 nomen
1756 3959 1874 4019 suum
1901 3926 1981 4016 im·

308 4054 433 4144 unius
468 4053 611 4144 Rascii
646 4052 770 4145 Com.
798 4059 843 4146 in
876 4055 996 4146 Pent
1026 4055 1113 4156 edi·
1168 4054 1413 4147 mortalitati
1464 4080 1793 4146 consecrarunt.
1848 4056 1977 4147 Inter

308 4184 468 4272 tionem
512 4179 795 4286 moliebatur,
839 4216 925 4274 uno
975 4217 1112 4309 eoque
1169 4214 1243 4276 eos
1274 4208 1413 4274 autem
1445 4185 1522 4308 qui
1565 4208 1711 4308 postea
1744 4185 1978 4293 vixerunt,

308 4309 531 4402 rabbinico
550 4343 598 4400 ac
617 4311 713 4402 rudi
745 4311 984 4404 charactere
1017 4345 1113 4404 exe·
1170 4308 1417 4402 nominandi
1449 4338 1574 4420 sunt,
1603 4305 1655 4402 'ut
1686 4313 1839 4401 ceteris
1867 4309 1978 4402 cele·

308 4439 549 4564 quendam,
595 4473 686 4530 eam
735 4444 862 4532 citius
896 4437 1111 4548 absolvit,
1169 4438 1363 4545 briores‚
1413 4436 1566 4535 Josuas
1616 4438 1848 4551 Soncinus,
1899 4440 1978 4564 qui

306 4571 518 4692 posterior
552 4571 630 4692 qui
664 4599 708 4658 tv
733 4568 840 4660 voll.
861 4603 936 4662 seu
959 4599 1001 4658 tv
1021 4565 1111 4664 Jao
1168 4568 1294 4692 hujus
1337 4565 1521 4660 familiae
1569 4571 1727 4692 primus
1773 4565 1870 4657 heb.
1905 4593 1976 4694 ty-

309 4695 394 4788 ben
428 4693 564 4788 Ascir
597 4693 788 4790 Ordines
821 4696 1012 4790 edendos
1045 4731 1113 4790 su·
1168 4696 1447 4825 pographiam
1467 4699 1510 4788 in
1532 4700 1693 4822 patria,
1725 4694 1886 4787 deinde
1907 4727 1978 4786 ve·

407 2489 522 2559 Primi
549 2509 588 2557 ur
615 2486 899 2560 celebriorem
922 2490 1026 2562 secula·

468 2601 695 2671 Hebraeorum
723 2604 948 2696 typographi.

308 4851 521 4951 sceperat,
564 4826 787 4952 tribusque
820 4827 998 4919 diversis
1031 4853 1112 4956 ty-
1169 4860 1217 4916 ro
1249 4823 1439 4951 Neapoli
1470 4824 1680 4939 excoluit,
1712 4822 1890 4915 Gerson
1912 4820 1977 4914 fil.

310 4958 376 5078 pis
416 4952 634 5079 quadratis
677 4980 721 5045 et
752 4953 1112 5083 elegantioribus,
1172 4953 1311 5046 Mosis
1366 4951 1580 5062 Soncino,
1624 4959 1743 5078 cujus
1786 4984 1886 5044 cura
1930 4985 1979 5043 ac

308 5116 382 5174 eos
416 5113 459 5172 tv
501 5082 717 5174 mensibus
760 5085 1012 5176 retardavit.
1049 5084 1113 5175 At
1169 5081 1322 5176 studiis
1356 5083 1439 5174 hoc
1473 5115 1553 5174 sec.
1587 5085 1793 5192 Soncini,
1837 5079 1982 5172 Casali

309 5241 356 5302 rr
390 5214 591 5301 mensium
625 5245 742 5304 mora
775 5213 909 5303 tribus
938 5210 1047 5305 roll.
1068 5214 1113 5302 in
1170 5215 1344 5338 majori,
1377 5207 1568 5323 Brixiae,
1603 5209 1753 5318 Barci,
1797 5213 1861 5300 in.
1896 5240 1980 5298 ve·

307 5334 386 5430 fol.
408 5339 668 5432 excudendis
691 5373 781 5432 non
801 5337 982 5446 sufficit,
1003 5365 1113 5464 quot
1168 5373 1218 5466 ro
1251 5371 1328 5429 xvt
1363 5335 1497 5447 Fani,
1537 5341 1728 5447 Pisauri,
1761 5336 1982 5446 Arimini,

309 5463 640 5561 Plebisaccensis
685 5467 819 5562 editio
854 5468 1112 5596 Regiensem
1172 5465 1391 5576 Ortonae,
1424 5464 1837 5622 Thessalonicaegqq
1852 5461 1983 5556 CPo·
