5222 7090
743 740 765 814 8
1165 738 1533 813 ANNALES
1597 737 1953 812 tran-Tre.

744 967 769 1008 „
796 913 963 1003 Utinam,
1002 911 1059 988 vel
1086 937 1216 1020 quaeso
1253 910 1368 990 rideat
1407 910 1529 988 mein
1585 908 1727 987 deatur.
1754 908 1862 1010 Quod
1892 911 1927 986 in
1958 907 2104 986 minimo
2132 935 2172 986 ac
2201 907 2278 988 rudi
2299 907 2373 1015 ejus

857 1017 1069 1132 effossione(
1518 1125 1521 1130 Ι
1585 1025 1704 1102 aetatis
1721 1025 1914 1100 charactere
1936 1023 2061 1098 mirum
2081 1047 2241 1114 nonest,
2262 1049 2374 1128 quum

745 1146 912 1248 „Super
941 1159 1047 1247 caput
1067 1141 1140 1242 ejus
1162 1165 1272 1247 ponor
1294 1139 1330 1215 in
1352 1160 1534 1214 coronam.
1590 1161 1625 1214 et
1656 1139 1689 1212 in
1720 1163 1798 1212 mss.
1826 1134 2006 1214 codicibus
2033 1160 2068 1212 et
2099 1136 2133 1211 in
2162 1136 2374 1243 posteriori-

830 1259 881 1328 Ex
913 1255 1012 1330 variis
1041 1252 1132 1328 hisce
1153 1251 1352 1360 epigraphis
1370 1250 1535 1341 Wollius,
1593 1249 1657 1327 bus
1684 1249 1894 1326 editionibus
1922 1247 2039 1324 affines
2063 1249 2125 1325 hae
2142 1249 2276 1326 litterae
2297 1273 2372 1324 sae·

744 1364 936 1444 editionem
969 1367 1057 1442 hauc
1091 1364 1286 1442 describens
1319 1389 1364 1440 ex
1397 1362 1535 1439 duobus
1591 1360 1727 1470 pissime
1743 1361 2021 1439 confundantur.
2051 1367 2098 1438 bt
2117 1361 2373 1439 veroordiuert't

744 1479 927 1586 postremis
955 1477 1161 1566 ordinibus,
1188 1503 1276 1585 quos
1304 1500 1455 1554 recenter
1487 1503 1533 1552 ex
1590 1500 1710 1582 postea
1738 1502 1842 1552 mauu
1872 1500 2046 1552 resumens
2073 1501 2112 1552 ac
2143 1475 2288 1551 formam
2320 1474 2374 1581 ip-

748 1592 958 1669 bibliotheca
987 1589 1181 1699 Ungeriana
1216 1592 1435 1680 obtinuerat,
1470 1614 1530 1664 so·
1585 1613 1659 1666 sant
1704 1588 1900 1698 diligentius
1941 1586 2180 1695 perpendens,
2221 1612 2372 1693 eamque

743 1706 811 1783 lam
839 1706 988 1813 priorem
1018 1728 1058 1780 tv
1088 1729 1178 1810 quae
1205 1729 1333 1779 annum
1362 1701 1528 1791 exhibet,
1584 1729 1665 1780 cum
1695 1703 1834 1807 reliquis
1864 1701 2039 1807 utriusque
2068 1701 2197 1777 litterae
2225 1725 2371 1778 accura-

741 1817 845 1897 refert
871 1815 1020 1894 tom'ut
1039 1843 1072 1922 p.
1094 1841 1198 1915 445,
1225 1841 1328 1923 atque
1348 1841 1425 1892 eam
1450 1817 1528 1920 qui·
1583 1816 1710 1892 tissime
1738 1813 1939 1903 conferens,
1976 1814 2087 1922 reperi
2115 1839 2189 1890 esse
2217 1814 2373 1889 certissi-

742 1931 823 2008 dem
853 1959 933 2009 cum
955 1931 1149 2040 gravissima
1177 1929 1420 2036 discrepantia.
1449 1932 1527 2004 Ere·
1582 1954 1639 2004 me
1669 1929 1733 2016 lte,
1769 1927 1917 2034 ideoque
1955 1953 2083 2004 aunum
2113 1926 2184 2004 illic
2214 1925 2371 2002 exbiberi

742 2045 814 2120 nim
844 2044 877 2118 in
907 2043 1027 2120 litteris
1055 2043 1238 2119 numericis
1268 2041 1410 2118 minoris
1443 2067 1525 2148 sup-
1579 2064 1738 2119 ccxxxv
1778 2039 1955 2146 judaicum
1986 2041 2179 2128 minorem,
2216 2041 2371 2116 christia·

743 2155 934 2266 putationis
964 2181 1028 2265 pro
1055 2179 1081 2232 rr
1097 2157 1170 2262 ipse
1200 2157 1284 2264 legit
1308 2178 1354 2245 n,
1376 2181 1416 2230 ac
1445 2181 1524 2260 pro·
1580 2181 1666 2230 num
1693 2180 1848 2232 nostrum
1872 2166 2115 2232 ucccctxxv.
2141 2150 2373 2258 Quandoqui-

743 2294 865 2378 pterea
887 2267 1074 2346 editionem
1098 2293 1272 2356 nostram,
1303 2293 1370 2343 non
1398 2265 1441 2342 ad
1468 2293 1529 2343 an·
1583 2267 1665 2344 dem
1697 2293 1932 2375 praeterquam
1962 2266 2057 2374 quod
2078 2267 2112 2342 iu
2135 2264 2247 2344 littera
2265 2263 2371 2342 cltetb

744 2409 828 2460 num
859 2407 1038 2472 ccxxxv,
1066 2380 1125 2457 sed
1165 2405 1395 2467 ccxxxvut,
1425 2378 1531 2454 Chri-
1584 2381 1717 2458 sinister
1746 2383 1892 2490 angulus
1914 2384 2021 2490 tnagis
2037 2380 2196 2458 cohaeret
2219 2407 2258 2456 ac
2277 2378 2374 2456 clau·

742 2499 786 2573 sti
814 2518 1102 2586 ncccctxxvut,
1130 2495 1400 2571 constantissime
1429 2517 1528 2570 retu·
1583 2493 1701 2585 ditur,
1735 2495 1770 2570 in
1800 2497 1844 2571 he
1874 2495 2005 2600 ubique
2033 2494 2170 2581 minus,
2200 2492 2234 2568 iu
2266 2490 2371 2600 priori

743 2607 817 2683 lit.
846 2615 959 2686 Tanta
987 2633 1102 2684 autern
1131 2609 1313 2685 secudtate
1343 2633 1383 2684 ac
1411 2606 1527 2681 firmi·
1583 2606 1695 2684 littera
1723 2607 1862 2685 inferior
1906 2606 2031 2686 lineola
2060 2631 2119 2684 seu
2161 2604 2286 2684 ductus
2315 2631 2373 2681 su·

742 2743 839 2810 tate,
855 2722 959 2828 ¹quod
976 2745 1054 2797 saue
1077 2719 1271 2798 mirandum
1288 2743 1362 2810 est,
1380 2744 1444 2826 pro
1465 2745 1525 2826 po·
1584 2723 1753 2827 periorem
1774 2711 1961 2829 paullisper
1983 2717 2293 2828 praetergreditur,
2310 2743 2373 2794 seu

742 2837 884 2911 steriore
913 2835 1025 2911 littera
1063 2833 1215 2942 accepit,
1243 2856 1282 2910 ut
1312 2837 1350 2910 ll
1389 2837 1524 2908 Mosen
1583 2831 1707 2910 ductus
1735 2834 1877 2942 quidam
1915 2836 2069 2942 superior
2098 2833 2131 2906 in
2161 2858 2205 2910 eo
2245 2829 2372 2938 angulo

743 2947 918 3056 Chaghis,
944 2949 1004 3054 qui
1045 2947 1144 3024 aliter
1173 2973 1207 3024 et
1248 2945 1392 3054 quidem
1434 2969 1528 3024 tecte
1585 2971 1755 3053 perpetuo
1782 2951 1910 3025 eminet
1938 2972 1972 3024 et
2000 2947 2164 3055 erigitur,
2193 2945 2254 3050 qui
2285 2969 2376 3022 uun·

741 3085 891 3138 senserat
929 3087 963 3139 et
993 3061 1193 3168 scripserat,
1221 3083 1266 3136 ex
1307 3057 1438 3137 oculari
1473 3061 1526 3136 sui
1584 3085 1691 3165 quam
1724 3061 1758 3136 in
1788 3060 2132 3138 alteraobsertatur.
2163 3063 2239 3134 Hoc
2257 3057 2373 3163 itaque

742 3173 898 3279 exempli
942 3175 1156 3278 inspectione
1192 3172 1411 3259 convicerit,
1438 3170 1526 3248 adeo
1581 3172 1709 3280 exiguo
1736 3173 1845 3250 ductu
1876 3172 2059 3284 neglecto,
2085 3171 2145 3278 qui
2162 3195 2234 3248 erat
2258 3170 2374 3278 potis-

741 3309 783 3364 ιιι
812 3313 935 3392 negare
963 3285 1000 3360 id
1029 3311 1100 3364 non
1130 3287 1305 3391 potuerit,
1326 3285 1453 3360 Wolfio
1475 3285 1528 3392 ip-
1582 3287 1707 3362 simum
1736 3285 1984 3371 attendendus,
2015 3287 2049 3361 in
2078 3310 2121 3360 eo
2138 3285 2232 3359 euim
2254 3309 2370 3360 totum

741 3424 781 3475 so
821 3423 906 3475 teste
935 3421 1017 3475 tom.
1046 3421 1086 3473 tv
1117 3423 1193 3507 pag.
1224 3399 1324 3494 864.
1366 3399 1455 3472 Hinc
1482 3395 1528 3472 ad
1583 3395 1653 3474 fere
1680 3399 1784 3474 situm
1813 3423 1865 3476 est
1892 3425 2010 3476 earum
2032 3397 2223 3474 litterarum
2253 3395 2372 3473 discri-

742 3529 822 3588 eum
853 3536 982 3588 annum
1022 3533 1293 3589 ttcccctxxvttt
1321 3535 1390 3587 non
1420 3507 1528 3586 modo
1584 3537 1688 3604 men,
1715 3538 1788 3588 orta
1817 3536 1867 3589 est
1895 3537 2012 3589 earum
2041 3510 2201 3587 confusio
2218 3532 2256 3588 et
2276 3535 2372 3586 etro·

743 3625 927 3731 scriptores
954 3649 1075 3701 omnes
1096 3623 1252 3731 superius
1277 3648 1526 3700 commemora·
1582 3649 1646 3700 nea
1673 3624 1798 3702 lectio.
1825 3624 1893 3702 Sed
1919 3651 1982 3731 pro
2001 3647 2027 3700 rr
2048 3648 2139 3701 recte
2159 3647 2370 3732 acceperuut

743 3737 799 3829 ti,
826 3736 886 3812 sed
916 3762 950 3812 et
979 3762 1135 3814 auctores
1163 3736 1315 3843 Catalogi
1343 3735 1527 3812 bibliothe·
1580 3761 1626 3812 ex
1654 3737 1787 3821 Jutlaeis
1815 3737 1975 3816 laudatus
2004 3742 2117 3813 Moses
2145 3735 2297 3844 Chaglris
2332 3736 2371 3810 itt

741 3874 802 3926 cae
832 3849 989 3956 publicae
1014 3851 1230 3940 Parisiensis,
1259 3850 1444 3937 Denisius,
1463 3849 1525 3925 Ti·
1581 3851 1674 3930 calce
1700 3875 1797 3949 nnpn
1825 3851 1890 3949 apl
1918 3877 2021 3961 super
2051 3876 2093 3928 ιιι
2119 3849 2276 3926 ordinem
2305 3846 2375 3926 hu·

740 3961 939 4038 raboscbitts
954 3963 1081 4069 aliique
1097 3987 1231 4040 summa
1246 3965 1469 4039 consensione
1485 3962 1526 4039 il·
1581 3967 1637 4068 jus
1666 3969 1771 4042 nostri
1800 3969 1945 4072 operis,
1972 3991 2005 4042 et
2036 3969 2075 4040 tt.
2104 3964 2214 4040 David
2247 3961 2374 4039 Azulai

741 4071 812 4149 lam
852 4075 1105 4168 amandarum,
1142 4075 1259 4150 Wolfii
1287 4075 1526 4153 auctoritatem
1584 4079 1618 4154 in
1637 4105 1699 4156 suo
1717 4084 1818 4156 Scem
1835 4080 2032 4188 agltedolim
2053 4102 2149 4183 parte
2169 4101 2196 4152 tt
2214 4073 2272 4150 fol.
2302 4100 2375 4173 19,

741 4186 963 4266 fidentissime
990 4191 1124 4266 secuti.
1162 4194 1233 4266 Nos
1263 4188 1326 4294 ipsi
1353 4190 1415 4264 etsi
1444 4193 1527 4296 epi·
1583 4193 1784 4302 exemplum
1815 4193 1927 4300 ipsum
1959 4215 1999 4268 tv
2027 4189 2158 4266 ordinis
2185 4216 2244 4266 seu
2278 4187 2377 4264 Clib-

741 4302 906 4409 graphem
937 4327 1007 4378 non
1037 4329 1082 4379 ex
1113 4302 1239 4378 Wolfio
1264 4301 1324 4378 sed
1343 4303 1526 4380 exordiae
1583 4331 1661 4380 scen
1693 4308 1817 4412 mispat
1846 4307 1941 4412 Regii
1971 4305 2176 4410 perlustrans
2207 4324 2307 4377 antea
2326 4299 2377 4376 si·

742 4417 820 4520 ipso
848 4414 1137 4507 describeremus,
1165 4440 1271 4521 quem
1300 4416 1528 4492 recentissime
1586 4417 1621 4490 bi
1652 4418 1834 4521 ignotum,
1863 4415 1958 4519 quod
1988 4417 2023 4489 in
2054 4437 2176 4488 manus
2197 4437 2289 4487 meas
2305 4411 2378 4489 de·

742 4551 877 4604 eramus
914 4529 1113 4614 consecuti,
1156 4530 1279 4634 partim
1319 4524 1427 4603 forma
1455 4529 1525 4632 ipsa
1584 4529 1701 4610 venit.
1730 4553 1773 4603 ex
1796 4525 1997 4602 Christianis
2021 4549 2105 4598 vero
2128 4522 2171 4599 cl.
2196 4524 2377 4620 PasitriuS,
2455 4535 2472 4634 ’μ

743 4636 877 4715 litterae
904 4638 1071 4746 decepti,
1100 4643 1222 4745 partim
1251 4638 1439 4714 firmissima
1469 4638 1526 4714 illa
1583 4665 1663 4714 mss.
1684 4637 1820 4715 codices
1853 4638 1935 4746 regii
1963 4637 2184 4715 'laurinensis
2211 4637 2375 4714 athenaei

743 4748 861 4825 Wolfii
890 4751 958 4830 fide
975 4778 1015 4828 ac
1031 4753 1241 4837 constantia,
1269 4777 1357 4858 quae
1386 4752 1448 4827 vix
1469 4779 1530 4858 pe·
1584 4753 1800 4840 describens,
1827 4753 1887 4858 qui
1918 4778 2032 4829 tamen
2062 4751 2187 4828 eodem
2214 4775 2376 4855 tempore
2419 4749 2423 4756 '

744 4860 904 4937 niriorem
923 4863 1117 4970 indaginem
1139 4862 1309 4972 postulare
1329 4861 1528 4951 ridebatur,
1584 4867 1620 4940 in
1651 4864 1732 4942 bina
1771 4865 1890 4942 incidit
1918 4891 2025 4944 errata
2065 4889 2181 4971 reapse
2211 4862 2376 4972 gravissi-

739 4973 894 5050 euudem
924 4973 1025 5081 plane
1052 5003 1179 5053 annum
1207 4977 1293 5052 olim
1335 4980 1528 5053 constitui·
1586 4983 1821 5055 ma.Erenim
1839 4980 1951 5056 codex
1983 5005 2086 5084 quem
2107 5003 2283 5084 tamquam
2305 5001 2372 5052 tns.

743 5111 821 5162 mus
848 5089 900 5161 De
931 5087 1012 5164 heb.
1039 5113 1179 5196 typogr.
1202 5088 1335 5196 origine
1357 5117 1433 5198 pag.
1471 5116 1529 5166 ια.
1586 5091 1691 5167 refert
1720 5091 1880 5169 inedito
1917 5093 2081 5199 catalogo
2110 5115 2197 5166 tom.
2236 5095 2250 5164 l
2282 5112 2315 5192 p.
2347 5113 2370 5162 2

746 5205 817 5278 Nec
846 5201 936 5276 enim
967 5227 1007 5276 ea
1037 5201 1148 5278 littera
1177 5203 1245 5278 hoc
1273 5200 1351 5276 loco
1379 5204 1458 5280 satis
1477 5229 1528 5280 est
1586 5205 1663 5281 cod.
1698 5229 1724 5280 v
1753 5233 1781 5280 a.
1823 5210 1839 5280 l
1891 5232 1959 5308 13,
1998 5230 2048 5282 est
2079 5203 2175 5310 typis
2214 5225 2373 5278 exaratus

744 5336 882 5418 aperta,
910 5312 968 5388 sed
993 5317 1109 5421 potius
1128 5315 1374 5420 arctiusquam
1398 5342 1531 5422 pares·
1586 5343 1622 5394 et
1652 5317 1907 5397 Plebisaciensis
1947 5345 2060 5395 nostra
2099 5316 2230 5406 editio,
2262 5337 2370 5417 quam

744 5449 816 5513 set,
844 5427 1011 5532 superiori
1043 5430 1168 5537 angulo
1197 5453 1376 5514 connexa,
1412 5428 1463 5505 ita
1494 5452 1531 5505 ut
1590 5457 1711 5507 extare
1739 5456 1854 5508 revera
1884 5437 1917 5508 in
1941 5458 1979 5508 ea
2004 5429 2212 5508 bibliotheca
2241 5451 2287 5500 ex
2310 5449 2372 5499 no·

745 5535 851 5614 cheth
872 5540 987 5646 primo
1007 5539 1135 5620 intuitu
1156 5542 1335 5649 primaque
1354 5541 1468 5620 fronte
1484 5544 1534 5624 ri·
1590 5545 1681 5636 titia,
1710 5571 1816 5652 quam
1843 5570 1890 5623 ex
1917 5545 2041 5622 abbate
2072 5541 2212 5620 Benciui
2232 5559 2372 5645 accepe-
