5146 7094
646 653 718 744 14⁸
1066 646 1435 721 ANNAens
1492 641 1844 717 xxa-xxa.

638 823 753 902 decim
782 846 936 900 constant
965 820 1064 897 lineis
1092 846 1156 896 nec
1184 841 1431 906 numerantur,
1486 817 1610 897 libellis
1647 819 1793 925 exiguae
1833 815 1962 892 formae
1999 839 2053 890 xv
2081 811 2281 894 decurrente

639 937 755 1018 divina
795 936 932 1012 nomina
973 959 1033 1040 per
1072 931 1188 1008 daleth
1216 935 1431 1040 exprimun-
1487 933 1607 1008 seculo
1635 925 1746 1013 editos
1774 927 1877 1016 fuisse
1905 929 1965 1034 qui
1995 929 2193 1034 perierunt,
2220 957 2281 1006 usu

638 1077 718 1139 tur,
759 1073 794 1125 ut
824 1049 858 1126 in
895 1044 1014 1124 Bibliis
1042 1047 1295 1134 brixiensibus,
1334 1046 1429 1122 idem
1487 1069 1521 1120 et
1551 1070 1662 1124 aetate
1694 1043 1830 1156 penitus
1867 1041 2084 1149 consumpti.
2123 1047 2175 1118 Ac
2203 1067 2281 1120 sunt

613 1164 850 1266 ,Psalmotum
879 1159 989 1250 ordo,
1017 1157 1136 1234 eadem
1162 1159 1195 1234 in
1218 1160 1356 1266 reliquis
1377 1185 1429 1237 ra·
1486 1185 1625 1265 quoque
1652 1185 1698 1236 ex
1727 1157 1780 1232 his
1807 1154 1947 1261 quidam
1975 1153 2084 1230 seculi
2113 1179 2180 1230 xvi
2210 1154 2280 1231 ine·

612 1279 711 1365 orio,
751 1271 843 1352 unde
872 1272 1005 1348 Brixiae
1034 1297 1184 1350 curatam
1215 1274 1295 1349 licet
1322 1275 1430 1376 conii·
1489 1272 1598 1361 nutis,
1628 1295 1779 1378 quorum
1809 1271 1900 1350 varia
1929 1267 2023 1376 apud
2052 1293 2116 1346 nos
2143 1293 2279 1346 servan·

637 1417 736 1467 cere.
775 1384 1023 1496 Distinguenda
1054 1411 1166 1462 tamen
1196 1409 1247 1463 est
1276 1386 1321 1462 ab
1348 1385 1430 1463 alte-
1487 1407 1543 1460 tur
1570 1381 1783 1493 fragmenta.

637 1530 674 1578 ra
719 1500 872 1578 Psaltcrii
927 1498 1081 1574 editione
1125 1496 1294 1574 Brixieusi
1349 1498 1430 1576 anni
1657 1493 1661 1504 '
1783 1556 1987 1628 XXXII

644 1641 769 1718 1493,
806 1637 895 1720 quac
940 1635 991 1687 est
1031 1613 1065 1687 in
1113 1614 1161 1687 16
1202 1637 1236 1688 et
1265 1611 1428 1688 tredecim

637 1753 769 1805 rantum
811 1727 907 1802 lineis
948 1723 1157 1801 absolvitur.
1206 1725 1355 1801 Dissidet
1395 1751 1431 1801 et
1566 1731 1821 1802 Pentateucltm
1850 1732 1885 1798 ia
1917 1721 1951 1796 8.
1980 1747 2027 1797 cx
2054 1727 2193 1820 antiqua
2213 1724 2281 1796 edi·

639 1843 816 1945 utriusque
844 1863 979 1916 textus.
1007 1837 1091 1912 Psal.
1119 1861 1268 1914 cxxxiv
1297 1839 1432 1914 aPsal·
1488 1846 1575 1914 tione
1613 1845 1714 1915 seculi
1756 1859 1821 1916 xv
1857 1843 2035 1924 excuntis,
2074 1840 2128 1910 vel
2169 1844 2282 1910 incurt-

637 1947 845 2032 terium'an.
881 1975 981 2050 ¹493
1013 1974 1048 2024 et
1077 1949 1205 2042 Biblia,
1233 1977 1322 2056 quae
1343 1978 1428 2028 cun·
1484 1961 1529 2028 tit
1557 1972 1654 2027 κνι.

634 2065 824 2143 demeum
860 2063 985 2140 eodem
1013 2063 1175 2140 Psaltcrio
1205 2087 1359 2152 textum,
1389 2087 1429 2142 ut
1568 2063 1741 2143 Addimus
1778 2063 1901 2139 hicet
1939 2060 2080 2138 tertium
2109 2060 2280 2166 fragmen·

635 2180 857 2270 monuimus,
887 2175 1079 2265 exhibent,
1106 2175 1224 2284 legunt
1254 2200 1369 2268 mv,
1390 2201 1427 2253 ut
1485 2201 1584 2270 tum,
1622 2177 1718 2284 quod
1764 2175 1858 2285 apud
1902 2201 1965 2252 nos
2002 2196 2124 2260 extat,
2167 2173 2275 2280 ignoti

635 2291 819 2368 hodiernae
870 2289 1060 2382 editiones,
1104 2313 1257 2366 nostrum
1301 2314 1429 2381 cantv,
1484 2293 1708 2368 Pentateuchi
1745 2289 1808 2402 qui
1845 2287 1887 2364 ad
1927 2288 2030 2363 finem
2078 2311 2134 2362 xv
2172 2285 2274 2366 seculi

633 2405 718 2481 Psal.
754 2427 890 2480 cxxxv
929 2404 972 2478 18
1010 2402 1088 2478 illae
1116 2401 1175 2491 lo,
1204 2428 1318 2479 nostra
1347 2403 1425 2497 lna,
1482 2405 1538 2483 vel
1560 2430 1629 2482 xvr
1658 2403 1794 2481 initium
1820 2393 1993 2509 ⁴pertinere
2021 2397 2179 2476 videtur.
2208 2403 2275 2475 Sex

632 2543 790 2624 quaeque
827 2517 905 2593 illae
947 2513 1134 2602 defective,
1172 2539 1286 2593 nostra
1325 2517 1425 2623 plene
1482 2541 1614 2596 constat
1641 2517 1752 2606 foliis,
1780 2541 1870 2623 quae
1900 2515 2078 2590 continent
2110 2513 2173 2588 tria
2201 2515 2274 2586 Ge-

596 2669 602 2676 ·
632 2631 837 2736 plerumque
876 2627 1008 2704 habet.
1057 2633 1199 2706 Vetusta
1238 2630 1425 2707 Christiani
1481 2633 1570 2708 nesis
1613 2632 1747 2739 capita,
1794 2627 1957 2708 videlicet
1999 2651 2123 2716 xxix,
2168 2650 2272 2716 xxx,

631 2769 751 2820 manus
791 2741 835 2818 ad
875 2743 1063 2848 marginem
1107 2746 1273 2847 cujusque
1302 2744 1425 2820 Psalmi
1483 2769 1607 2822 xxxx.
1646 2743 1772 2821 Charta
1800 2766 1851 2820 cst
1888 2741 2013 2847 spissa,
2043 2737 2272 2846 bombycina,

632 2855 799 2944 adnotat,
842 2855 903 2961 qui
941 2854 1038 2931 latini
1083 2857 1252 2963 Vulgatae
1290 2881 1425 2933 nostrae
1482 2859 1645 2964 antiqua,
1676 2859 1849 2934 character
1877 2851 2065 2961 quadratus
2093 2877 2144 2927 sat
2173 2851 2276 2927 lucu-

632 2968 800 3046 hcbraicis
829 2967 1080 3076 respondeant.
1481 2970 1595 3048 lentus
1625 2996 1705 3047 curn
1736 2970 1871 3078 punctis
1900 2991 1934 3042 et
1970 2965 2190 3057 accentibus,
2220 2990 2274 3072 pa·

946 3141 1106 3213 XXXI
1484 3084 1583 3191 ginae
1614 3082 1741 3161 habent
1768 3084 1884 3160 lineas·
1913 3077 2179 3169 novemdecim,
2216 3104 2277 3154 nec

1487 3196 1547 3273 ulli
1576 3197 1690 3287 tituli,
1720 3195 1779 3272 ulli
1823 3191 1979 3281 numeri,
2009 3191 2097 3270 ullae
2125 3191 2277 3298 signatu·

716 3311 843 3384 Sr‘ddr'tr
870 3311 997 3402 calloth
1026 3335 1085 3383 scu
1116 3311 1209 3382 Ordo
1232 3333 1366 3401 precum
1392 3315 1428 3382 r'tr
1485 3335 1542 3388 rae
1571 3311 1605 3386 in
1635 3311 1674 3386 iis
1702 3333 1891 3416 apparent.
1928 3308 1993 3383 Dei
2022 3329 2134 3382 tamen
2164 3304 2278 3378 nomi-

638 3443 698 3494 12.
726 3447 772 3496 cx
801 3428 939 3517 antiqua
978 3425 1122 3494 editione
1161 3423 1338 3494 Brixicnsr'
1365 3446 1429 3495 sec.
1485 3449 1527 3498 na
1557 3448 1722 3499 consueto
1753 3446 1848 3498 more
1864 3445 1990 3498 excusa
2006 3441 2106 3506 sunt,
2127 3417 2296 3493 nullum'

630 3551 706 3607 XV.
1484 3561 1553 3642 que
1580 3563 1683 3643 supra
1710 3536 1838 3612 litteras
1876 3531 1985 3638 caphe
2013 3557 2073 3608 seu
2102 3530 2274 3637 aspiratio·

715 3642 840 3750 Reperi
872 3669 938 3719 una
976 3670 1055 3720 cum
1089 3640 1303 3748 praecedenti
1332 3642 1427 3750 frag-
1485 3648 1536 3724 uis
1564 3649 1702 3756 signum
1737 3644 1969 3754 conspicitur.
2009 3650 2062 3720 Ex
2089 3645 2273 3750 specimine

632 3779 750 3830 mento
790 3780 826 3832 et
865 3756 1013 3832 alterum
1057 3757 1157 3834 unius
1195 3755 1268 3830 folii
1296 3755 1426 3833 ordinis
1484 3763 1654 3838 variarum
1695 3760 1883 3838 lectionum
1911 3755 2006 3864 quod
2037 3753 2196 3833 dedimus
2224 3761 2273 3831 De

631 3894 774 3973 precum
795 3867 919 3945 eodem
941 3869 1134 3946 charactere
1156 3869 1320 3945 Brixiensi
1340 3896 1426 3973 quo·
1482 3873 1609 3982 ignotis
1637 3875 1721 3950 sacri
1764 3897 1895 3949 textus
1917 3869 2128 3948 editionibus
2157 3896 2191 3976 p.
2230 3896 2268 3944 rr
2347 3872 2350 3878 ’

629 3979 673 4054 ad
704 4006 865 4088 utrasque
904 3983 1053 4069 litteras,
1094 3987 1257 4087 majores,
1296 3983 1424 4088 quibus
1479 4013 1515 4062 et
1544 3986 1579 4060 in
1608 3989 1718 4063 Variis
1746 3984 1965 4062 Lectionibus
2002 3983 2044 4060 ad
2073 4009 2112 4058 ea
2142 3981 2273 4089 capita,

627 4094 884 4202 distinguuntur
928 4096 1069 4173 initialia
1111 4095 1239 4186 verba,
1283 4122 1323 4170 ac
1362 4099 1425 4172 mi·
1482 4124 1575 4205 patet
1604 4104 1808 4176 Geuxxxt
1839 4099 1872 4172 in
1902 4097 2048 4174 lectione
2077 4117 2164 4188 tz’ntt
2191 4121 2273 4172 con·

625 4234 751 4294 nores,
784 4209 956 4316 impressi.
984 4208 1249 4316 ·Complectitur
1289 4233 1422 4314 partcrn
1479 4237 1601 4321 gruere
1646 4239 1726 4290 curn
1770 4209 2005 4288 Pentateucho
2049 4209 2271 4313 Neapolitano

626 4347 795 4426 precum,
832 4349 919 4427 quae
965 4345 1149 4399 occurrunt
1192 4320 1257 4396 sub
1287 4321 1419 4398 initium
1486 4351 1584 4423 149¹
1620 4352 1658 4401 ac
1686 4324 1803 4401 Bibliis
1831 4326 1903 4400 sine
1931 4347 2022 4399 anno
2050 4345 2084 4397 et
2113 4320 2274 4398 locosed

625 4456 731 4510 nitent
758 4437 793 4510 in
831 4435 1083 4512 absolutissimo
1117 4434 1246 4512 Ordine
1288 4440 1421 4510 Veneto
1478 4437 1621 4545 Neapoli
1662 4439 1753 4514 circa
1791 4435 1941 4513 eundem
1979 4461 2107 4512 annum
2146 4433 2271 4510 editis.

628 4545 789 4626 lobannis
826 4545 871 4622 de
901 4553 992 4626 Gara
1032 4547 1110 4624 anni
1159 4573 1261 4651 344,
1291 4547 1419 4624 Christi
1477 4555 1600 4627 Forma
1647 4553 1750 4625 etiarn
1789 4549 2022 4638 characteris,
2063 4573 2274 4654 quamquam

632 4659 761 4755 1584,
792 4681 877 4733 tom.
905 4665 921 4735 l
951 4657 1011 4735 fol.
1044 4687 1093 4735 20
1123 4683 1157 4736 et
1190 4665 1419 4736 210111110·
1477 4663 1534 4740 bic
1563 4665 1674 4742 minor
1703 4663 1770 4751 sit,
1811 4686 1961 4738 nonest
1999 4661 2196 4749 dissimilis,
2226 4665 2270 4737 ita

624 4795 696 4848 stro
726 4793 840 4847 tamen
869 4773 940 4848 sive
974 4771 1087 4876 quoad
1117 4771 1272 4849 ordinem
1301 4799 1339 4848 ac
1367 4772 1418 4849 di·
1478 4799 1515 4852 nt
1544 4801 1611 4868 non
1643 4801 1768 4852 temere
1785 4842 1790 4852 .
1807 4775 1896 4852 forte
1921 4776 2096 4884 quispiam
2122 4774 2272 4879 conjice-

621 4883 890 4968 stributionem,
930 4882 1002 4960 sive
1031 4887 1147 4990 quoad
1185 4885 1288 4964 verba
1318 4886 1418 4963 valde
1477 4911 1527 4965 ret
1556 4913 1710 4965 nostrum
1739 4888 2013 4967 Pentateuchum
2042 4887 2187 4995 Neapoli
2205 4913 2272 4966 ex-

622 4995 837 5103 discrepant.
867 4993 1012 5071 ‘Elohlm
1042 5022 1102 5102 per
1130 4996 1247 5074 daleth
1275 5024 1420 5104 expres·
1475 5025 1578 5080 eunte
1609 5027 1664 5077 xv
1706 5002 1822 5078 seculo
1861 5001 2055 5080 abeodem
2086 5001 2294 5078 Soncinatc.

620 5136 697 5186 sum
719 5135 798 5201 cst,
820 5133 857 5186 ut
879 5113 912 5187 in
934 5105 1141 5186 editionibus
1162 5110 1413 5202 Brixieusibus,
1476 5115 1697 5223 typographo
1726 5115 1908 5223 vulgatum
1937 5115 2059 5212 fuisse,
2088 5115 2147 5221 qui
2179 5114 2268 5191 inte·

623 5247 925 5330 tetragrammaton
955 5247 1081 5299 nomen
1112 5249 1173 5332 per
1200 5221 1279 5299 bina
1305 5224 1420 5322 jodim
1473 5253 1532 5336 gra
1571 5228 1678 5304 Biblia
1714 5253 1754 5302 ac
1784 5229 1893 5305 varias
1934 5228 2123 5305 Bibliorum
2154 5253 2267 5334 partes

575 5369 580 5378 ·
621 5361 660 5410 ac
696 5361 743 5429 ι4
775 5333 873 5411 lineis
902 5337 1045 5444 paginae
1081 5361 1258 5414 coustant.
1291 5337 1415 5416 Verisi·
1472 5341 1572 5417 variis
1599 5339 1739 5430 formis,
1770 5365 1807 5417 ut
1849 5368 1954 5450 supra
1986 5339 2156 5430 vidimus,
2196 5340 2268 5419 illic

621 5446 703 5532 mile
722 5470 782 5524 est
810 5448 994 5528 nonnullos
1022 5448 1105 5556 alios
1133 5477 1179 5532 cx
1200 5449 1255 5530 bis
1271 5477 1416 5560 precum
1472 5452 1603 5534 edidit.
