5146 7094
663 683 734 762 168
1093 684 1458 761 ANNALES
1514 689 1864 763 Heu-Tre.
1971 759 1977 768 .

657 859 804 954 dubios,
843 859 953 968 inquit
992 859 1020 936 is
1048 883 1133 936 tom.
1161 866 1175 934 1
1206 888 1240 966 p.
1276 889 1345 948 12,
1374 861 1450 938 edi·
1505 859 1669 938 ferretur.
1712 859 1816 961 Quod
1851 859 1944 938 euim
1985 861 2091 940 robur
2127 861 2172 940 ad
2211 861 2296 940 illud

656 977 760 1053 tionis
801 976 1032 1053 Gersouianae
1061 999 1120 1050 seu
1149 972 1329 1050 Brixiensis
1356 974 1452 1049 codi·'
1504 974 1756 1052 conficiendum
1785 974 1910 1052 habere
1932 999 2082 1081 uuquam
2105 1001 2216 1084 potest
2237 1003 2305 1052 uu·

657 1089 704 1165 cis
729 1117 808 1166 cum
835 1090 877 1167 cl.
905 1091 1012 1164 Hesso
1041 1083 1136 1163 verbi
1165 1087 1271 1162 divini
1297 1085 1452 1162 ministro
1507 1086 1551 1164 da
1581 1087 1636 1163 illa
1665 1115 1704 1164 ac
1742 1087 1895 1197 simplex
1923 1088 2081 1166 Pellicani
2122 1088 2178 1166 vel
2205 1095 2300 1165 Bux-

655 1201 750 1310 apud
789 1203 974 1312 Tigurinos
1003 1197 1253 1276 communicavi
1288 1201 1347 1306 qui
1377 1199 1451 1276 illos
1508 1202 1598 1276 turfii
1626 1201 1793 1278 assertio?
1839 1199 2054 1279 Buxtorfrum
2086 1227 2155 1276 non
2185 1229 2298 1279 motor

539 1322 544 1332 '
657 1315 842 1423 adjuvante
871 1314 912 1391 cl.
942 1322 968 1396 J·
997 1322 1023 1396 J.
1059 1315 1265 1420 Breitiugero
1292 1315 1353 1418 qui
1380 1316 1449 1415 jam
1506 1316 1566 1420 qui
1593 1313 1698 1391 semel
1738 1311 1859 1392 videns
1897 1312 1996 1390 facile
2037 1313 2201 1390 memoria
2232 1315 2300 1392 labi

653 1427 697 1506 ad
726 1453 867 1536 superos
895 1427 1001 1516 abiit,
1029 1453 1108 1504 cum
1136 1427 1257 1502 codice
1282 1428 1450 1536 Tigurino
1506 1428 1646 1534 potuit,
1687 1453 1748 1503 uec
1786 1427 1891 1504 semel
1921 1429 1955 1504 iu
1996 1427 2179 1503 referendis
2206 1427 2300 1507 libris

654 1565 809 1618 accurate
847 1541 1014 1616 contulit.
1056 1540 1228 1614 Maximus
1268 1564 1358 1616 certe
1397 1565 1447 1616 est

655 1657 741 1732 inter
771 1679 933 1760 utrosque
962 1652 1097 1728 codices
1125 1679 1328 1738 consensum
1359 1651 1448 1727 nihi·

651 1768 688 1844 lo
717 1791 830 1844 tamen
860 1769 967 1842 secius
998 1765 1173 1841 manifesta
1201 1772 1319 1843 extant
1347 1767 1447 1842 crite-

652 1883 700 1957 ria
730 1907 818 1986 quae
846 1880 1014 1956 diversam
1044 1879 1231 1955 editionem
1260 1879 1338 1954 satis
1368 1905 1448 1984 pto·

651 1995 758 2070 dunt.
792 2003 832 2092 r)
861 1998 899 2067 Iu
921 1991 1038 2068 codice
1060 1990 1265 2070 Betolinensi
1287 2017 1346 2068 seu
1369 1991 1447 2066 Bri-

649 2107 758 2183 riensi
780 2107 930 2214 primum
949 2105 1160 2214 singulorum
1183 2099 1351 2181 librorum
1373 2131 1447 2182 ver-

652 2221 736 2296 bum
765 2219 899 2296 calamo
936 2242 987 2294 est
1015 2241 1211 2308 exaramm,
1250 2220 1284 2294 in
1323 2217 1444 2294 codice

649 2333 820 2443 Tigurino
848 2359 907 2409 seu
937 2332 1123 2410 Pisaurensi
1154 2334 1188 2408 in
1210 2333 1443 2408 Pentateucho

647 2447 847 2524 observatur
887 2445 1035 2552 spatium
1079 2471 1252 2536 vacuum,
1290 2444 1454 2551 reliquo-⁶

1505 1565 1538 1615 et
1568 1539 1654 1617 aeris
1682 1542 1830 1626 erravit,
1857 1563 1891 1616 et
1913 1542 1947 1615 iu
1970 1545 2065 1644 cujus
2086 1540 2198 1616 verbis
2217 1546 2301 1618 ller-

1504 1653 1632 1730 botnae
1662 1656 1786 1730 recusis
1814 1656 1942 1730 Pisauri
1965 1679 2089 1730 nomen
2111 1655 2298 1730 omittitur.

1503 1767 1569 1843 Sed
1602 1765 1691 1844 uude
1720 1766 1842 1845 didicit
1871 1766 2058 1844 Pellicanus
2085 1793 2186 1844 suum
2214 1767 2297 1844 illud

1503 1880 1678 1986 exemplar
1723 1880 1847 1958 Pisauri
1886 1903 1921 1956 et
1949 1907 2040 1956 anno
2091 1880 2298 1979 1494im-

1503 2019 1653 2100 pressum
1695 1993 1821 2069 fuisse?
1860 1997 1914 2069 Ex
1958 1993 2072 2069 ullane
2113 1998 2188 2100 ejus
2224 1994 2296 2101 epi-

1502 2108 1655 2216 graphe?
1685 2105 1791 2212 Atqui
1821 2160 1844 2200 „
1872 2132 1936 2182 uec
1966 2107 1999 2182 in
2030 2107 2167 2195 fronte,
2187 2105 2297 2212 inquit

1500 2219 1692 2308 Masthius,
1730 2246 1793 2297 uec
1822 2217 1865 2297 ad
1908 2220 2038 2296 calcem
2071 2219 2294 2295 Pentateuchi

1500 2358 1558 2411 aut
1587 2333 1692 2412 totius
1718 2334 1831 2440 operis
1860 2331 1928 2410 ulla
1956 2356 2052 2410 extat
2081 2355 2140 2408 aut
2162 2355 2296 2438 tempo

1501 2446 1563 2539 ris,
1603 2473 1662 2524 aut
1705 2447 1798 2536 loci,
1838 2471 1898 2524 aut
1940 2446 2148 2554 impressoris
2193 2469 2297 2551 uota,

646 2587 723 2635 rum
766 2585 847 2636 vero
889 2559 1053 2634 librorum
1099 2562 1247 2666 primum
1297 2561 1442 2636 verbum
1500 2561 1557 2637 sed
1587 2561 1693 2637 editio
1735 2585 1788 2638 est
1826 2561 1898 2638 sine
1926 2557 1981 2636 die
2017 2583 2053 2635 et
2080 2559 2221 2636 consule
2250 2610 2298 2648 „.

646 2676 740 2779 typis
770 2674 964 2778 majusculis
992 2693 1043 2750 est
1072 2697 1296 2777 expressum.
1329 2675 1371 2769 2)
1392 2679 1440 2750 'ln
1497 2674 1613 2751 Editio
1650 2675 1722 2750 sine
1752 2674 1807 2750 die
1835 2696 1871 2750 et
1903 2672 2040 2750 consule
2068 2671 2245 2778 quomodo
2272 2701 2293 2751 a

550 2849 552 2854 .
645 2787 812 2864 Brixiensi
840 2786 989 2864 Psalmus
1010 2811 1060 2862 xc
1082 2811 1280 2862 numeratur
1309 2811 1369 2894 per
1397 2807 1442 2876 s,
1497 2786 1669 2868 Pellicauo
1697 2789 1877 2894 conjicitur
1916 2812 1975 2862 aut
2005 2813 2023 2860 a
2053 2785 2207 2862 Masclrio
2235 2784 2296 2862 de-

643 2925 676 2975 et
707 2905 758 2976 vs.
787 2925 850 2977 xer
879 2899 971 2978 idem
1005 2900 1109 2976 habet
1147 2900 1307 3009 signum,
1334 2901 1442 2978 nimi·
1497 2899 1648 3005 feuditut
1687 2900 1721 2976 in
1757 2928 1797 2978 ea
1827 2901 1911 2976 urbe
1950 2911 2061 3004 eoque
2084 2924 2177 2974 auno
2208 2925 2293 3005 pro·

642 3029 721 3089 rum'
748 3039 791 3101 r,
829 3017 861 3088 iu
892 3017 1059 3123 Tigurino
1100 3019 1153 3088 Ps.
1183 3039 1229 3089 xc
1260 3011 1365 3091 habet
1392 3035 1441 3108 s,
1497 3013 1620 3092 diisse?
1648 3018 1701 3088 Ex
1729 3013 1957 3092 collatioueue
1990 3012 2194 3088 characteris
2211 3037 2290 3088 curn

643 3151 677 3204 et
706 3132 758 3204 Ps.
787 3153 849 3204 xct
880 3152 946 3206 trs.
981 3133 1020 3229 3)
1051 3133 1089 3201 In
1120 3127 1283 3204 Brixieusi
1313 3133 1367 3206 Es.
1396 3154 1438 3205 1x
1494 3128 1747 3205 Pisaurensibus
1775 3126 1848 3203 aliis
1876 3129 1948 3230 ejus
1976 3125 2095 3202 aetatis
2115 3124 2210 3202 libris
2230 3127 2289 3231 qui
2402 3187 2406 3195 .

646 3244 669 3315 6
699 3242 732 3316 in
762 3241 872 3320 nrum
901 3267 993 3316 mem
1021 3239 1174 3316 clausum
1211 3242 1439 3349 conspicitur,
1495 3241 1580 3318 nulli
1608 3267 1746 3328 extant,
1789 3265 1849 3318 aut
1876 3238 2047 3348 sequentis
2085 3238 2203 3316 aetatis
2230 3239 2290 3342 qui

640 3378 676 3428 at
715 3357 748 3430 in
787 3355 953 3464 Tigurino
994 3379 1086 3428 mem
1124 3351 1336 3430 ordinarium
1377 3383 1436 3432 seu
1495 3357 1581 3432 nulli
1609 3354 1724 3433 adhuc
1753 3353 1915 3430 extab'ant
1940 3377 1974 3428 et
2003 3352 2200 3460 longissime
2226 3351 2292 3426 dif-

642 3491 801 3572 opertum
825 3493 875 3542 est
896 3493 1119 3575 expressum.
1148 3469 1193 3561 4)
1224 3467 1278 3541 Ad
1306 3467 1436 3544 calcem
1493 3465 1632 3544 ferunt?
1663 3475 1700 3544 ln
1729 3493 1877 3573 quanam
1912 3491 2016 3573 porro
2046 3465 2131 3541 urbe
2153 3463 2189 3540 id
2211 3490 2293 3541 con·

643 3579 796 3656 Danielis
834 3579 868 3654 in
907 3579 1026 3656 codice
1067 3579 1274 3658 Betolinensi
1311 3579 1436 3688 legitur
1492 3582 1628 3684 jicitur?
1673 3583 1845 3658 Pisaurine
1886 3579 1920 3654 iu
1949 3578 2105 3654 dominio
2134 3584 2290 3654 Veneto-

641 3713 756 3782 ttztut,
785 3693 818 3768 in
849 3693 1018 3802 Tigurino
1045 3691 1284 3798 tnntoi,quod
1306 3716 1438 3770 utrum·
1495 3722 1572 3770 rum
1600 3695 1696 3802 quod
1727 3693 1849 3770 nullibi
1877 3687 2000 3768 extat?
2041 3692 2106 3768 Vel
2143 3718 2188 3769 ex
2217 3691 2292 3768 solo

640 3831 708 3910 que
752 3806 873 3884 vitium
927 3805 1218 3912 typographicum
1261 3806 1438 3885 involvere
1494 3807 1561 3882 ltoc
1603 3808 1836 3886 additamento
1886 3829 1978 3912 patet
2020 3805 2292 3882 manifestissime

642 3916 779 4010 videtur
808 3972 852 4006 „.
892 3924 990 4018 Quae
1027 3945 1106 4002 cum
1145 3919 1189 3994 ita
1219 3921 1308 4008 siut,
1336 3945 1439 3996 testa·
1496 3921 1672 3999 Pisaurum
1700 3919 1780 3996 loco
1809 3920 1942 3994 Brixiae
1971 3917 2164 4007 Pellicauo,
2192 3942 2230 3995 ut
2249 3917 2295 3995 de

645 4055 700 4107 tur
728 4028 943 4108 doctissimus
973 4032 1049 4120 vir,
1078 4033 1111 4108 in
1141 4059 1253 4138 partes
1281 4059 1374 4109 meas
1403 4056 1443 4110 ut
1498 4036 1616 4110 ceteris
1636 4034 1834 4110 auctoribus
1848 4057 1950 4140 supra
1971 4027 2291 4121 animadvertimus,

643 4143 761 4234 abeat,
789 4172 809 4220 a
837 4172 874 4222 se
904 4146 1084 4253 impetrare
1113 4143 1205 4221 haud
1238 4171 1357 4251 posse,
1385 4171 1442 4222 sa·
1498 4147 1688 4240 excidisse,
1717 4173 1757 4222 ac
1785 4146 1829 4221 de
1851 4143 2082 4222 Brixiensibus
2103 4143 2221 4221 Bibliis
2243 4145 2294 4220 lo·

644 4257 687 4334 tis
716 4283 870 4335 accurate
898 4258 1148 4365 antiquissimas
1167 4259 1357 4336 Bibliorum
1379 4258 1439 4335 he·
1494 4263 1555 4365 qui
1581 4286 1662 4337 eum
1693 4259 1839 4337 voluisse
1875 4282 1964 4365 quae
1993 4256 2061 4333 hoc
2099 4258 2176 4365 ipso
2204 4284 2296 4334 auno

639 4370 834 4447 braicorum
886 4371 1053 4450 editiones
1093 4399 1112 4448 a
1152 4399 1207 4448 me
1252 4371 1437 4460 delineari,
1496 4372 1531 4447 io
1559 4400 1599 4448 ea
1629 4373 1739 4449 forma
1767 4371 1859 4447 edita
1888 4393 1988 4458 suut,
2014 4393 2050 4445 et
2079 4369 2113 4444 in
2142 4397 2295 4476 quorum

642 4482 701 4558 sed
731 4483 869 4561 criteria
898 4486 959 4562 ista
987 4485 1136 4562 studiose
1162 4509 1236 4564 esse
1269 4487 1441 4562 examina·
1498 4486 1684 4594 epigraphe
1709 4511 1750 4560 ea
1778 4484 1881 4561 verba
1909 4482 2092 4594 leguntur.
2121 4483 2189 4560 Sed
2220 4511 2292 4560 me·

641 4619 694 4686 ta,
722 4596 801 4674 ltine
831 4599 1007 4704 exemplar
1036 4600 1242 4706 Tigurinum
1272 4609 1289 4675 a
1319 4597 1439 4676 codice
1500 4599 1567 4675 lius
1599 4600 1633 4674 id
1663 4599 1875 4675 demonstrat
1903 4623 1944 4671 ae
1972 4595 2180 4675 luculentius
2207 4625 2302 4672 con-

641 4707 807 4784 Btiuiensi
835 4708 1012 4786 diversum
1034 4737 1104 4787 esse
1123 4715 1266 4790 omnino
1285 4737 1439 4789 statueu-
1495 4712 1565 4788 ficit
1594 4713 1665 4818 ipsa
1695 4710 1823 4788 codicis
1850 4710 2009 4786 collatio.
2037 4707 2210 4786 Producta
2235 4711 2295 4788 di-

638 4820 748 4910 dum,
776 4825 933 4928 quamvis
961 4826 1166 4932 Tigurinum
1191 4825 1240 4922 ad
1264 4826 1438 4902 Brixieuse
1496 4825 1662 4902 versitatis
1690 4825 1822 4902 criteria
1851 4849 1892 4902 ac
1929 4823 2146 4913 discrimina,
2173 4824 2201 4898 si
2231 4851 2291 4900 ve·

637 4959 709 5010 esse
751 4933 939 5012 formatum
984 4961 1020 5012 et
1058 4941 1269 5047 exscriptum
1314 4937 1435 5016 lubens
1493 4965 1529 5014 ra
1556 4962 1690 5023 essent,
1717 4939 1759 5015 ad
1789 4939 1986 5017 varietatem
2016 4936 2292 5042 exemplarium,

638 5047 829 5126 concedat.
1492 5079 1562 5127 non
1577 5052 1739 5128 editionis
1755 5077 1864 5129 esseut
1885 5048 2081 5128 referenda.
2110 5053 2180 5127 Sira
2198 5052 2293 5134 enim

722 5164 822 5242 Nulla
852 5192 931 5243 sane
962 5165 1017 5241 via
1045 5161 1088 5238 ad
1129 5163 1313 5242 eruendam
1343 5164 1436 5240 veri-

637 5305 743 5360 tatem
774 5307 813 5358 ac
841 5282 1078 5388 quaestionem
1119 5279 1344 5354 dirimendam
1374 5303 1436 5352 ex-

637 5393 811 5502 peditior,
839 5397 974 5502 aptior,
1003 5390 1154 5479 certior,
1181 5421 1285 5498 quam
1316 5417 1352 5469 ut
1374 5393 1434 5468 Ti·

637 5508 800 5618 guriuum
822 5509 932 5618 ipsum
954 5505 1131 5614 exemplat
1152 5532 1324 5584 accurrate
1346 5533 1434 5582 con-

1491 5189 1571 5240 sum
1599 5167 1634 5241 iu
1676 5191 1743 5244 una
1771 5189 1830 5240 aut
1869 5165 1974 5240 altera
2012 5164 2146 5250 littera,
2189 5187 2224 5238 et
2257 5165 2296 5246 in

1491 5277 1595 5353 rebus
1625 5279 1756 5354 minimi
1787 5275 1973 5366 momenti,
2002 5276 2036 5351 iu
2064 5273 2191 5381 quibus
2219 5303 2293 5353 sae-

1491 5419 1535 5499 pe
1566 5393 1667 5470 uuius
1695 5390 1916 5498 ejusdemque
1945 5387 2105 5466 editionis
2125 5389 2289 5494 exempla

1490 5505 1674 5584 dissident.
1702 5511 1748 5582 At
1778 5531 1859 5584 vero
1887 5529 1995 5612 quum
2023 5501 2231 5580 contulerim
2254 5525 2291 5578 et
