5146 7094
804 761 1501 838 runssacouna
1892 785 1967 862 tq

315 967 384 1018 non
437 943 482 1018 ita
522 940 607 1016 olim
655 963 776 1016 corum
822 938 1025 1015 auctoritate
1075 967 1115 1018 ac
1171 963 1208 1016 se
1235 937 1392 1029 dicatur,
1423 961 1460 1016 ut
1490 940 1647 1018 observat
1677 925 1847 1028 Wolfius,
1875 941 1969 1022 illam

313 1057 539 1132 consensione
566 1053 656 1129 mihi
685 1055 832 1160 probata
854 1079 902 1128 est
921 1053 1023 1154 hujus
1044 1054 1115 1130 cdi·
1172 1052 1301 1130 librum
1331 1052 1424 1130 hunc
1454 1054 1650 1160 perfectiori
1680 1054 1846 1133 methodo
1863 1085 1970 1164 quam

314 1170 415 1246 tionis
452 1167 537 1245 fides
566 1193 607 1244 ac
637 1170 780 1258 ueritas,
821 1193 858 1243 ιιι
887 1166 1025 1242 nullum
1053 1166 1118 1244 du·
1173 1189 1300 1244 ceteras
1330 1169 1461 1273 priores
1489 1171 1656 1248 editiones
1684 1169 1874 1247 exhibere.
1913 1171 1971 1248 ud

311 1283 471 1360 bitationi
500 1305 637 1358 restaret
675 1280 794 1358 locus.
826 1283 960 1357 Etenim
991 1307 1116 1372 unam,
1174 1281 1260 1358 haec
1289 1279 1430 1358 editoris
1466 1309 1558 1362 aetas
1586 1287 1768 1392 congruit,
1803 1286 1859 1360 cui
1889 1285 1972 1362 alias

313 1396 536 1503 inquiebam,
577 1395 796 1474 CPolitanam
836 1399 992 1472 nominat
1033 1402 1115 1472 Bar·
1172 1422 1234 1472 nos
1264 1395 1503 1474 hebraicorum
1531 1398 1697 1475 librorum
1720 1398 1889 1476 editiones
1909 1400 1972 1478 de·

313 1511 500 1600 toloccius,
532 1535 633 1586 unam
671 1513 712 1585 R.
751 1509 887 1587 Scabtai
930 1510 966 1585 iu
1007 1509 1114 1589 Scissa
1172 1510 1251 1586 here
1280 1533 1382 1616 supra
1423 1513 1752 1602 animadvertimus,
1791 1538 1884 1590 certa
1915 1542 1972 1592 ru-

313 1625 500 1729 jesceuim,
532 1649 635 1700 unam
662 1625 819 1702 Morinos
847 1649 888 1701 ac
915 1625 1119 1712 Simonius,
1168 1622 1305 1701 diorum
1336 1647 1524 1730 typorum,
1565 1625 1701 1704 chartae
1729 1625 1833 1704 etiarn
1864 1653 1968 1733 atque

314 1767 418 1818 unam
447 1738 512 1816 sub
549 1735 716 1814 Turcicae
760 1741 899 1814 nomine
941 1742 981 1814 tt.
1025 1744 1114 1814 Aza·
1170 1737 1368 1846 epigraphis
1407 1737 1476 1816 fide
1507 1739 1549 1816 ad
1590 1765 1645 1816 xv
1681 1740 1835 1818 seculum
1875 1741 1970 1818 refe-

313 1857 378 1931 rias
406 1853 450 1928 de
487 1853 651 1928 Rubeis
644 1877 677 1928 ιιι
716 1857 815 1928 Meor
844 1852 980 1938 enaim,
1011 1879 1113 1928 unam
1172 1849 1310 1928 tendas.
1331 1858 1455 1929 Parum
1478 1854 1596 1941 abest,
1615 1853 1864 1959 subjiciebam,
1885 1857 2030 1970 quin

313 1969 464 2100 denique
501 1972 697 2043 Munsterus
726 1966 851 2042 latinus
891 1965 995 2069 hujus
1035 1966 1113 2044 libri
1172 1966 1206 2040 in
1235 1989 1329 2042 tanta
1358 1992 1537 2044 auctorum
1567 1969 1774 2044 dissensione
1806 1992 1967 2074 tantaque

315 2084 506 2189 interpres
500 2105 559 2157 et
601 2079 740 2157 editor.
790 2085 897 2156 Porro
947 2081 1114 2187 posterior
1170 2079 1219 2156 rei
1247 2080 1456 2160 obscuritate
1484 2080 1666 2184 conjiciam
1691 2082 1840 2189 aliquam
1870 2108 1968 2160 rere

313 2196 370 2275 illa
404 2195 484 2271 anni
518 2219 595 2294 270
636 2219 695 2271 seu
739 2219 865 2290 1510,
903 2193 1114 2270 indubium
1171 2220 1206 2270 ta
1246 2192 1434 2271 editionem
1476 2221 1530 2273 xv
1570 2196 1713 2286 seroie,
1752 2224 1821 2272 non
1863 2196 1969 2274 CPoli

313 2309 469 2388 revocari
510 2307 650 2414 nequit.
695 2311 780 2383 Earn
823 2312 914 2384 enim
953 2309 1115 2384 contule·
1169 2306 1337 2415 quidem,
1366 2333 1403 2385 ιιι
1432 2307 1601 2388 creditum
1632 2336 1698 2398 est,
1718 2311 1776 2388 sed
1803 2310 1873 2390 ullo
1894 2311 1973 2388 abs·

314 2449 396 2500 runt
437 2422 616 2510 Morinos,
657 2421 856 2512 Simonius,
891 2421 1036 2528 aliique,
1080 2443 1114 2498 et
1170 2447 1240 2528 que
1267 2423 1347 2499 loco
1384 2445 1419 2498 et
1454 2422 1542 2502 forre
1583 2425 1653 2501 ullo
1695 2426 1799 2501 etiam
1839 2427 1969 2531 absque

317 2538 355 2613 in
397 2537 539 2642 privatis
575 2537 762 2611 etiamnum
808 2535 1014 2615 ludaeorum
1059 2535 1114 2612 bi·
1169 2563 1262 2612 anno
1291 2536 1335 2612 ab
1363 2534 1563 2614 Abrahatno
1585 2542 1720 2616 Conato
1741 2539 1865 2616 factam
1887 2541 1972 2616 fuis·

316 2649 498 2728 bliothecis
537 2651 724 2756 reperitur.
765 2653 894 2724 Contra
937 2647 981 2726 de
1024 2652 1114 2758 prio·
1171 2676 1228 2726 se.
1256 2653 1310 2724 Ex
1338 2652 1539 2730 Gersonidis
1569 2678 1718 2760 namque
1747 2657 1971 2732 Commenta·

317 2764 347 2842 ri
377 2764 433 2840 illa
462 2789 518 2840 ao.
555 2790 656 2863 ¹490
688 2763 733 2838 ita
773 2762 962 2870 loquuntur
999 2787 1117 2838 aucto·
1173 2766 1225 2840 rio
1255 2789 1295 2840 ac
1323 2762 1434 2840 Nbfed
1464 2765 1592 2842 tzuflm
1630 2794 1717 2874 quos
1745 2767 1818 2873 ipse
1849 2767 1972 2876 vulga·

317 2903 371 2955 res
400 2879 465 2986 ipsi
496 2879 556 2983 qui
592 2904 667 2952 eam
706 2901 921 2964 memorant,
957 2902 997 2954 ut
1030 2905 1118 2953 nun·
1173 2879 1248 2965 vit,
1283 2903 1417 2954 constat
1446 2904 1521 2955 earn
1562 2879 1664 2957 fuisse
1702 2880 1806 2984 hujus
1832 2880 1971 2960 editoris

316 3019 421 3098 quam
452 3016 528 3068 eam
559 2989 684 3068 vidisse
713 3015 816 3096 atque
843 2991 1003 3068 habuisse
1032 3017 1113 3098 prae
1171 2991 1458 3068 consuetudinem
1499 3018 1534 3070 et
1577 2993 1798 3086 institutum,
1838 3017 1876 3072 ut
1913 3021 1972 3072 an·
2022 3043 2029 3048 -

317 3105 476 3182 manibus
505 3103 706 3181 videantur·
746 3105 887 3181 Interim
933 3133 1015 3182 vero
1044 3105 1114 3180 lau·
1170 3129 1319 3182 numer
1349 3105 1468 3183 locum
1507 3107 1707 3185 omitteret.
1746 3107 1851 3207 Quod
1882 3111 1972 3186 uza-

316 3218 417 3296 datus
453 3217 600 3327 diligens
639 3243 674 3296 et
715 3219 869 3295 eruditus
907 3219 1111 3301 Iudaeorum
1171 3223 1237 3296 rias
1264 3219 1337 3325 ipse
1366 3221 1569 3299 confirmare
1599 3221 1737 3299 viderur
1771 3224 1832 3328 qui
1860 3225 1972 3298 Cona-

316 3334 463 3440 scriptor
491 3337 532 3408 tt.
573 3335 711 3409 Azarias
748 3333 782 3406 in
815 3357 853 3408 ut
893 3358 992 3440 parre
1022 3333 1113 3408 illius
1169 3333 1195 3409 ti
1225 3331 1394 3410 editiones
1422 3360 1621 3423 recensens,
1646 3359 1798 3414 vetustas
1817 3361 1874 3412 eas
1892 3360 1969 3412 tan-

317 3446 417 3539 libri,
446 3475 507 3524 scu
536 3451 627 3524 Imre
656 3447 762 3538 bina,
790 3473 865 3552 cap.
896 3472 965 3524 xtx
994 3473 1032 3524 ac
1060 3445 1111 3522 fo-
1169 3469 1245 3522 tum
1285 3447 1482 3554 primasque
1527 3448 1700 3556 appellat,
1740 3448 1834 3526 nulla
1874 3449 1965 3526 facta

317 3561 364 3638 lio
398 3564 472 3660 87,
500 3559 544 3636 de
575 3561 834 3670 inauguratione
863 3560 1013 3666 quadam
1043 3565 1111 3636 Ve·
1167 3561 1257 3651 loci,
1287 3559 1381 3637 nulla
1411 3563 1490 3638 anui
1520 3565 1713 3640 mentione.
1756 3567 1852 3640 Haec
1880 3588 1972 3640 con-

317 3676 464 3781 spasiani
495 3675 529 3749 in
551 3701 719 3751 caesarem
748 3679 876 3751 Romae
905 3675 990 3752 sacta
1014 3699 1112 3783 prae·
1165 3677 1319 3779 jecturae
1347 3674 1426 3750 loco
1454 3675 1665 3767 habeantur,
1703 3675 1815 3756 donec
1844 3703 1971 3806 perop-

316 3811 412 3864 sente
442 3787 592 3894 losepho
630 3813 717 3895 quae
747 3787 838 3865 libro
879 3814 919 3865 vt
949 3788 1113 3865 Gorioni·
1169 3811 1241 3864 tato
1269 3815 1310 3866 ac
1339 3787 1430 3865 felici
1460 3814 1587 3869 eventu
1617 3791 1758 3898 aliquod
1790 3793 1968 3899 utriusque

319 3901 374 3979 dis
402 3925 577 3988 narratur,
604 3903 1018 3990 sennoneminstitueos,
1039 3929 1113 3978 cam
1168 3902 1331 3979 editionis
1367 3903 1547 4012 exemplar
1591 3931 1867 4014 consequamur,
1897 3932 1970 4014 quo

323 4043 389 4091 nort
419 4023 609 4100 invenietis,
635 4015 766 4120 inquit,
806 4025 873 4092 nisi
909 4027 943 4092 ιἰι
971 4021 1114 4092 editione
1170 4001 1253 4091 fiant
1284 4016 1460 4121 planiora.

324 4135 464 4206 Turcica
484 4155 529 4204 cx
555 4157 621 4226 qua
645 4135 742 4228 sacta
768 4151 817 4204 cst
843 4137 990 4206 Veneto.
1022 4136 1114 4205 Nam
1256 4131 1352 4205 Est
1342 4156 1411 4232 pam
1443 4133 1477 4207 itt
1519 4130 1678 4209 manibus
1708 4131 1795 4208 meis
1824 4155 1970 4238 utraque

320 4253 353 4320 ὶιι
384 4249 526 4318 editiore
557 4247 778 4334 Gerrnoor'ca,
808 4268 846 4317 ιιι
875 4270 908 4319 et
933 4254 968 4319 r'n
986 4247 1115 4319 duobus
1171 4238 1301 4331 editio,
1329 4269 1368 4319 ac
1398 4269 1535 4320 nostrae
1572 4242 1715 4376 quidem
1744 4268 1833 4350 quae
1862 4246 1970 4352 magis

317 4361 486 4452 prioribus
507 4360 695 4433 Abraltnnr'
724 4365 866 4446 Conari,
895 4363 981 4433 nihil
1009 4361 1048 4432 de
1076 4384 1115 4432 ea
1172 4355 1336 4448 interest,
1366 4357 1428 4433 tria
1458 4359 1674 4464 integerrima
1692 4355 1874 4464 exempla,
1893 4359 1970 4464 qui·

320 4475 478 4545 habetur.
522 4473 656 4547 Omitto
685 4469 867 4548 discrimen
898 4468 991 4548 istud
1020 4471 1116 4577 quod
1174 4469 1240 4546 bus
1278 4470 1375 4576 quod
1424 4473 1521 4548 annis
1558 4471 1685 4549 abhinc
1725 4469 1967 4549 novemdecim

322 4586 409 4659 inter
438 4585 657 4661 CPolitanam
697 4612 737 4663 ac
766 4589 1035 4662 Munsterianam
1067 4586 1118 4662 in·
1174 4587 1405 4688 conjeceram,
1426 4585 1637 4694 amplissime
1658 4587 1895 4664 confirmatur.
1920 4589 1968 4662 Ea

323 4695 490 4787 tercedit,
520 4701 619 4796 cujus
648 4701 734 4776 ratio
754 4697 893 4776 aliunde
915 4723 1028 4806 potest
1055 4699 1116 4777 de·
1172 4721 1223 4776 est
1251 4725 1330 4777 sane
1359 4699 1547 4778 Abrahami
1576 4702 1720 4790 Conati,
1758 4705 1856 4805 cujus
1890 4699 1968 4776 fusa

320 4811 442 4888 rivari.
483 4817 527 4888 Αι
557 4838 641 4888 vero
669 4837 837 4919 quaenam
867 4837 947 4892 sunt
975 4839 1115 4922 praece·
1171 4839 1211 4889 ac
1239 4811 1415 4891 luculenta
1454 4838 1552 4892 extat
1592 4815 1635 4891 ad
1674 4813 1809 4892 calcem
1831 4813 1969 4923 epigra-

320 4923 439 5001 dentes
468 4925 545 5004 illae
575 4926 762 5005 εάἰιὶιιιιι
773 4927 959 5005 abrahami
991 4927 1113 5006 Conari
1171 4927 1264 5056 phe,
1292 4927 1353 5005 sed
1382 4928 1450 5006 loci
1476 4928 1536 5007 tel
1564 4955 1646 5006 annr
1637 4929 1805 5007 nullum
1827 4927 1883 5007 vel
1905 4927 1969 5006 mi-

320 5037 466 5115 Turcica
497 5041 731 5148 antiquiores?
767 5043 928 5148 Aliqua
919 5045 1022 5152 igitur
1050 5044 1114 5121 erit
1172 5043 1305 5119 nimum
1335 5043 1541 5152 vestigium.
1569 5049 1640 5122 Nec
1668 5044 1870 5122 CPolitanus
1896 5067 1968 5120 me·

320 5151 452 5241 editio,
479 5156 661 5232 CPolitana
702 5156 759 5234 illa
788 5180 842 5234 an.
878 5182 980 5254 1510
1012 5182 1116 5234 retu·
1172 5153 1269 5232 dicus
1296 5182 1368 5235 etat
1395 5162 1571 5250 Conatus,
1611 5183 1649 5236 ut
1679 5181 1779 5265 putat
1807 5163 1969 5234 Munste·

320 5267 424 5353 stior,
450 5295 540 5375 quae
583 5271 747 5376 ipsissima
787 5293 902 5349 nostra
941 5293 993 5349 est
1034 5273 1114 5349 anni
1171 5297 1255 5357 rus,
1290 5269 1349 5347 sed
1390 5277 1619 5363 Mantuanus,
1659 5299 1723 5350 nec
1762 5271 1904 5348 CPoli
1893 5293 1967 5382 tpse

329 5407 456 5479 ¹490·
496 5386 547 5457 Eo
575 5409 689 5459 autem
721 5387 827 5495 magis
855 5385 951 5494 quod
981 5387 1014 5462 in
1044 5385 1117 5462 edi·
1173 5384 1413 5492 imprimebat,
1453 5387 1514 5464 sed
1556 5391 1738 5476 Mantuae,
1778 5411 1841 5461 uec
1876 5408 1967 5462 anno

324 5497 419 5569 tione
448 5521 502 5570 an.
538 5521 642 5594 1510
682 5496 715 5572 in
753 5501 1047 5579 animadversione
1075 5504 1117 5576 tt.
1180 5525 1304 5599 1490,
1345 5499 1404 5576 sed
1457 5501 1585 5600 1476,
1629 5498 1791 5606 nullaque
1827 5519 1878 5574 est
1920 5520 1967 5572 ex

324 5612 414 5684 Tam
441 5633 529 5716 quae
558 5609 600 5686 ad
628 5609 759 5692 calcem
796 5616 953 5706 accedit,
979 5638 1118 5725 expres·
1172 5617 1247 5718 ejus
1273 5612 1502 5706 editionibus,
1529 5639 1618 5722 qnae
1645 5612 1689 5691 ad
1708 5616 1867 5692 seriorem
1885 5637 1963 5694 eam
