5146 7094
770 703 1469 785 PARssEcUNDA
1852 729 1922 781 ru

277 884 381 965 beri.
406 883 553 959 Constat·
576 874 683 961 editio
704 882 794 961 foliis
817 910 892 976 20,
919 905 1076 988 acquae·
1133 883 1229 962 neusi
1269 878 1483 970 detuleram,
1520 877 1727 956 Conatianae
1764 879 1833 981 jam
1860 881 1930 966 tri·

278 998 365 1074 libet
394 998 524 1105 integra
561 999 687 1107 pagina
725 997 825 1075 lineis
871 1023 942 1100 23.
979 1001 1079 1072 Prae·
1133 997 1323 1076 bueretur.
1375 997 1514 1101 Vixque
1567 992 1792 1101 epigraphem
1838 992 1932 1104 legi,

272 1111 426 1189 mittitur
459 1113 571 1188 textui
603 1109 750 1200 titulus,
783 1109 842 1190 sed
882 1110 976 1186 nulla
1004 1136 1077 1207 ma·
1134 1107 1231 1218 quod
1263 1107 1335 1187 vidi
1364 1109 1603 1220 gravissimum
1632 1131 1782 1183 errorem
1805 1103 1930 1184 doctis·

268 1219 1930 1332 pmfflmfflwmmwmuQMQfflmmwmffiw

274 1333 1931 1446 hcmpmm,mmmemfflbmmzemfflm.Qmmmex&mmCm·

278 1445 356 1530 'noo
386 1472 687 1532 nonsummum
716 1449 970 1530 nuurmiouu
1007 1469 1078 1524 *niu
1134 1450 1216 1558 logo
1244 1477 1262 1526 a
1292 1450 1421 1526 Wolfio
1463 1449 1635 1558 prolientur
1665 1473 1749 1524 toni.
1779 1471 1820 1523 tv
1850 1475 1927 1558 pag.

283 1583 419 1646 notun
459 1583 543 1644 run
569 1585 679 1646 *nano
702 1559 779 1642 'uir'
811 1559 917 1641 'nno
944 1581 1077 1640 :amau
1136 1567 1214 1662 827
1247 1590 1304 1638 ms
1333 1563 1444 1640 codex
1473 1561 1703 1640 bibliothecae
1732 1560 1930 1640 Tauriuen-

280 1703 373 1774 'nun
393 1675 436 1754 ’ii
458 1701 535 1776 2179*
561 1698 664 1765 'l'il'ffl
693 1701 745 1764 'lb’
765 1700 833 1762 mii
860 1673 959 1759 :liv
981 1695 1078 1752 mm]
1133 1677 1179 1754 sis
1209 1682 1239 1752 A
1267 1681 1282 1752 Ι
1320 1703 1362 1764 r,
1394 1683 1452 1753 abi
1479 1687 1514 1754 iu
1543 1681 1629 1752 calce
1658 1677 1809 1751 Estelirra
1839 1703 1930 1752 uxor

281 1814 344 1890 pau
372 1814 417 1870 'n'
444 1811 587 1889 ppassim
617 1813 748 1874 nantino
787 1797 913 1902 „Ego
946 1787 1078 1864 Estelli·
1136 1795 1321 1869 Aurasius
1336 1817 1456 1888 poetae
1477 1815 1585 1865 morter
1605 1817 1639 1865 se
1656 1794 1826 1888 epistolant
1846 1795 1931 1866 darre

281 1933 325 1984 na
357 1933 445 1982 uxor
473 1905 607 1986 domini
637 1909 727 1996 mei,
763 1906 826 1982 viri
865 1903 933 1982 mei
962 1901 1080 1978 claris·
1135 1913 1302 2000 scripsisse
1330 1910 1511 2004 ιιᾱβιιναιιιι
1540 1909 1645 1980 nobili
1672 1907 1799 1982 Iacobo
1829 1907 1929 1994 Levi,

280 2013 1931 2125 sffldmmwmmwmfflffltmmmmmffimmmstmm

277 2129 1932 2243 mmmmmfflmmm)mwwffiQOwmr

155 2273 157 2279 ’
279 2247 400 2354 scripsi
431 2247 518 2324 lianc
554 2249 737 2356 epistolam
776 2243 950 2324 Bechiuad
981 2243 1077 2323 ,olam
1134 2245 1341 2322 adscititium
1379 2244 1478 2322 illurn
1517 2268 1640 2350 poetae
1676 2244 1841 2332 titulum,
1869 2243 1929 2350 qui

277 2361 475 2467 opitulante
504 2360 648 2438 minimo
677 2359 804 2443 Iacobo
826 2359 909 2436 Levi
934 2355 1077 2434 Provin·
1133 2384 1179 2436 ex
1209 2359 1333 2436 Conati
1370 2357 1576 2467 cognomine
1605 2359 1738 2438 effictus
1758 2379 1810 2436 est
1840 2357 1930 2434 male

275 2471 1930 2580 cfflTmmmhwmmum„.wmfflmwmm.Qmmmm

280 2587 440 2665 Erudiras
461 2613 507 2664 ert
522 2587 757 2664 Hebraeorum
787 2607 890 2694 gente
911 2583 1078 2660 foeminas
1134 2585 1172 2661 in
1201 2583 1297 2662 edito
1325 2585 1489 2694 Catalogo
1519 2612 1554 2692 p.
1586 2613 1630 2664 21
1667 2585 1710 2664 ad
1739 2583 1816 2662 cod.
1845 2611 1931 2674 trit,

278 2699 457 2792 extitisse,
495 2723 531 2778 et
560 2701 649 2778 inter
685 2725 741 2776 eas
769 2700 869 2776 etiam
897 2722 986 2803 quae
1015 2717 1080 2802 ty·
1136 2725 1155 2775 a
1192 2727 1204 2775 ι
1245 2725 1266 2774 2
1306 2723 1376 2774 non
1413 2699 1572 2792 sustulit,
1613 2697 1673 2777 sed
1713 2699 1931 2778 confirmavit

281 2813 530 2924 pograplricam
580 2837 690 2890 artem
740 2811 978 2904 exercuerint,
1027 2832 1079 2884 sat
1135 2813 1311 2904 Pasinius,
1337 2811 1481 2920 aliisque
1510 2812 1685 2892 nonnullis
1712 2813 1830 2903 auxit,
1859 2839 1931 2888 no-

280 2923 1934 3032 mmfflzmmmmvffifflmmbummmmmmmoewwwmmma

280 3040 349 3118 hac
378 3041 424 3118 de
463 3067 498 3118 re
529 3040 664 3117 Altorfii
705 3038 806 3116 editis
848 3063 939 3112 anno
976 3061 1077 3138 1717
1136 3040 1260 3129 drato,
1301 3039 1361 3145 qui
1405 3062 1457 3116 est
1499 3039 1804 3132 semirabbinicus,
1851 3041 1934 3118 scri·

281 3159 423 3262 jamque
465 3153 664 3233 observavit
700 3150 745 3230 cl.
784 3150 1004 3260 Tychseuius
1044 3149 1080 3226 in
1139 3177 1239 3262 ptum
1279 3179 1359 3230 cum
1398 3153 1529 3230 auxilio
1555 3163 1696 3245 junioris
1724 3152 1838 3236 iacobi
1869 3181 1933 3261 pro

282 3268 490 3346 Tentamine
515 3266 561 3344 de
592 3265 694 3345 variis
720 3265 882 3344 codicum
901 3263 997 3340 hebr.
1017 3289 1081 3373 ge·-
1136 3277 1288 3358 minimi,
1325 3265 1371 3342 de
1411 3291 1499 3344 terra
1538 3288 1644 3348 nitito
1684 3293 1748 3375 pro
1777 3289 1935 3357 rustitio,

281 3380 422 3460 neribus
451 3408 485 3488 p.
535 3385 581 3457 16
611 3379 820 3457 editionibus
848 3377 893 3456 ab
921 3377 987 3454 illis
1014 3405 1081 3454 eu·
1134 3377 1232 3487 quod
1270 3379 1356 3486 quid
1394 3380 1459 3457 sibi
1498 3379 1625 3477 vellet,
1653 3381 1833 3490 ignoraus,
1862 3405 1934 3458 uua

279 3497 362 3572 ratis
391 3495 493 3573 aliam
523 3495 657 3572 Otcdtli
686 3492 859 3572 tzadikim
878 3492 1079 3570 Sulsbaceu·
1134 3520 1216 3571 cum
1245 3494 1367 3570 Conari
1405 3497 1612 3604 cognomine
1649 3495 1683 3571 in
1723 3495 1824 3573 latina
1854 3521 1936 3571 ver-

284 3634 358 3686 sem
388 3635 446 3686 an.
482 3612 580 3708 1691
616 3633 688 3686 esse
716 3606 933 3695 addendam,
963 3629 1002 3682 ιιι
1021 3604 1081 3682 ad·
1137 3609 1234 3685 sione
1259 3607 1392 3686 omisit.
1420 3607 1663 3688 Emeudandus
1692 3633 1742 3686 est
1770 3632 1805 3685 et
1824 3612 1863 3710 lb
1883 3615 1938 3690 le·

282 3719 397 3798 denda
426 3744 476 3797 est
506 3743 599 3799 nune
627 3724 762 3798 nostra'
782 3721 870 3798 haec
899 3720 1083 3828 bibliogra·
1138 3720 1250 3812 chiel,
1289 3746 1406 3800 recens
1446 3747 1567 3801 auctor
1608 3721 1715 3802 Sedet
1762 3719 1937 3814 adotdth,

284 3833 364 3942 pliis
393 3835 557 3912 omnibus
585 3833 815 3942 ignotissima·
843 3834 958 3911 Fuisse
978 3837 1081 3910 etiam
1138 3835 1200 3940 qui
1228 3836 1357 3912 omisso
1384 3835 1448 3912 sub
1472 3841 1512 3912 R.
1534 3833 1648 3940 Jedaji
1672 3835 1845 3944 Appenini
1867 3836 1936 3914 hoc

283 3945 1082 4056 mfflfflmmmfflwmfflmmm
1138 3949 1934 4039 fflmwmffldemmfflfflff

281 4087 396 4138 sacros
436 4062 528 4167 ipsos
564 4059 705 4136 codices
740 4060 874 4138 calamo
911 4058 1086 4137 describe·
1140 4086 1216 4140 rae.
1242 4067 1332 4140 Nota
1361 4061 1500 4140 tandem
1522 4087 1657 4140 nostrae
1678 4062 1839 4140 editionis
1861 4088 1938 4139 tex·

286 4198 385 4262 rent,
416 4199 534 4282 aperte
573 4175 701 4252 evincit
732 4172 997 4280 talmudicorum
1024 4169 1086 4250 do·
1140 4197 1265 4254 ruma
1303 4175 1505 4256 Soncineosi
1542 4175 1683 4284 aliisqae
1725 4175 1935 4254 editionibus

281 4311 418 4365 crorum
458 4285 637 4368 decretum
679 4287 714 4362 in
756 4309 901 4364 tractatu
941 4286 1082 4365 Ghittin
1136 4313 1237 4396 saepe
1275 4287 1425 4383 diserte,
1466 4288 1682 4397 multasque,
1721 4311 1758 4367 et
1785 4287 1935 4398 insigues

280 4399 1671 4512 mMmfflmbfflmmMmbummbwmmwmi

284 4538 386 4608 tum,
414 4540 474 4592 eos
502 4515 666 4593 nimirum
697 4542 761 4622 pro
790 4513 978 4624 prophanis
1004 4539 1080 4594 esse
1495 4579 1576 4653 111

283 4625 464 4706 habendos
491 4653 526 4707 et
555 4627 761 4739 illegitimis.

368 4744 440 4820 Vix
468 4741 602 4820 detecta
620 4799 623 4808 .
641 4767 691 4818 est
720 4769 739 4820 a
769 4769 825 4820 me
861 4741 970 4820 editio
998 4739 1083 4819 haec
1228 4751 1275 4823 tt.
1314 4749 1400 4820 Levi·
1440 4749 1634 4824 Gersoru'dr's
1674 4749 1937 4824 Commentariis

285 4855 489 4934 Soncinensi
516 4856 713 4963 antiquior,
740 4883 830 4964 quae
857 4881 953 4934 antea
983 4885 1003 4936 a
1032 4856 1084 4934 bi·
1140 4866 1173 4934 iu
1204 4864 1495 4952 Pactumeium,
1534 4870 1568 4936 r'rr
1595 4862 1661 4958 siri.
1690 4868 1762 4934 sr'rre
1792 4885 1876 4932 auno
1905 4879 1939 4933 er

285 4963 501 5080 bliograpltis
529 4994 705 5078 tamquam
737 4973 893 5048 omnium
922 4973 1084 5080 princeps
1139 4979 1214 5048 loco
1226 5025 1239 5061 ,
1282 4979 1341 5048 sed
1381 4979 1544 5051 Mantuae
1589 4977 1631 5048 ab
1669 4999 1724 5048 arr.
1755 4989 1940 5046 ccxxxvi

283 5082 571 5190 praedicabatur,
611 5081 709 5191 quod
749 5085 784 5161 in
832 5082 999 5162 addendis
1041 5083 1084 5160 ad
1141 5092 1187 5161 sd
1236 5104 1363 5174 ccxi,
1400 5093 1544 5166 'ciuisse‘
1583 5104 1845 5163 Mccccsxxvr
1892 5088 1941 5162 ad

285 5199 583 5278 Commentariutu
601 5196 646 5276 de
664 5197 896 5310 typographia
913 5199 1084 5276 hebraeo·
1140 5219 1404 5276 mccclxxx.

283 5307 477 5390 ferrariensi
518 5337 597 5422 pag.
640 5313 715 5390 108
752 5312 839 5392 illud
868 5309 1084 5390 monendum
1225 5314 1390 5420 Reliquae
1431 5311 1555 5406 Copati
1600 5309 1807 5404 editiones,
1849 5335 1940 5417 quae

284 5425 428 5512 censui,
468 5447 508 5502 ut
536 5425 649 5506 bonos
688 5423 746 5502 hic
772 5453 879 5536 quem
917 5449 987 5536 ego
1013 5425 1086 5532 ipse
1143 5426 1259 5506 Orach
1306 5426 1435 5504 cbaiiru
1481 5448 1752 5514 successerunt,
1794 5422 1839 5500 ab
1882 5448 1938 5502 arr.

282 5536 320 5618 iu
351 5536 477 5618 eodem
507 5539 768 5620 Commentario
804 5569 840 5654 p.
878 5563 928 5644 23
957 5538 1088 5621 Sonei-
1150 5542 1254 5640 1476
1297 5537 1342 5618 ad
1393 5542 1497 5638 1480
1541 5537 1711 5650 prodiisse
1750 5535 1940 5616 censendae
