5222 7090
796 749 1358 862 wentenum
1838 767 1881 817 nt

260 924 318 1000 fiat
346 951 385 1000 ac
415 923 543 1030 placeat
584 925 681 997 Deo.
724 919 828 996 Omni
870 920 966 996 initio
997 921 1051 994 ri·
1108 946 1374 1027 computentur,
1417 921 1579 998 incideret
1619 918 1725 996 editio
1756 941 1890 994 tantum

260 1035 296 1111 di
335 1037 464 1112 finem.
502 1035 556 1112 nd
586 1035 729 1144 gloriam
769 1055 886 1123 tuam,
928 1035 1052 1108 Domi·
1109 1030 1142 1106 in
1174 1061 1301 1109 annum
1337 1061 1407 1134 34,
1439 1061 1478 1110 ac
1510 1059 1691 1142 propterea
1718 1031 1891 1108 secundus

260 1154 324 1224 nel
354 1202 376 1236 „
1105 1145 1229 1220 οιιιο
1220 1169 1352 1254 integro
1391 1147 1532 1222 biennio
1562 1147 1663 1252 primi
1703 1143 1891 1220 editionem

349 1259 495 1335 luitiales
537 1257 671 1336 litterae
709 1285 893 1345 versuum,
923 1257 983 1362 qui
1013 1257 1046 1333 in
1103 1281 1365 1345 anteverteret
1399 1261 1529 1366 quique
1570 1264 1731 1334 Mantuae
1768 1254 1892 1332 Conari

263 1369 414 1448 editione
454 1365 672 1448 dextrorsum
713 1373 944 1455 collocantur,
990 1369 1048 1444 hic
1106 1395 1198 1477 typts
1218 1396 1296 1478 post
1317 1399 1445 1448 anuum
1484 1371 1756 1468 1426acctrca
1783 1381 1889 1468 1477

259 1483 482 1571 alternatim,
521 1511 650 1590 puncto
695 1512 796 1592 supra
838 1483 1046 1574 instructae,
1102 1508 1243 1590 coeptus
1274 1483 1407 1573 fuerat,
1437 1488 1606 1560 Ferrariae
1628 1483 1670 1560 ab
1693 1482 1893 1558 Abrahnmo

259 1597 342 1672 dant
372 1623 497 1673 nomeu
540 1597 749 1688 Abraltami,
790 1622 848 1672 seu
879 1620 1046 1702 typogra·
1103 1595 1168 1670 ben
1195 1595 1330 1672 Chaiim
1375 1598 1598 1674 continuatus
1642 1597 1758 1672 suisset
1800 1619 1892 1672 anno

261 1709 345 1814 phi
372 1707 466 1816 quod
500 1710 635 1786 uberius
663 1709 749 1784 infra
778 1708 983 1792 exhibetur,
1009 1730 1046 1780 ut
1112 1733 1239 1806 1474,
1280 1709 1375 1816 quod
1417 1709 1598 1786 ridiculum
1638 1708 1738 1815 plane
1781 1731 1832 1784 est
1860 1731 1895 1783 et

262 1822 433 1899 uberrime
460 1822 670 1899 exhibentur
690 1822 772 1898 feria
792 1819 1052 1904 hebdomadae,
1106 1821 1284 1927 ineptum.
1324 1823 1468 1930 luitur
1460 1849 1493 1898 m
1527 1819 1785 1897 Commentario
1814 1845 1895 1896 meo

261 1932 334 2011 dies
364 1934 508 2019 mensis,
542 1961 576 2010 et
605 1933 764 2012 editionis
793 1933 906 2010 locus.
948 1932 1049 2006 Solus
1105 1937 1158 2008 De
1178 1933 1815 2041 typographiahebraeo-ferrariensi,
1834 1933 1895 2008 ubi

262 2073 372 2123 annus
389 2048 476 2122 adeo
493 2046 640 2124 obscure
667 2047 888 2155 designatur,
908 2069 945 2120 ut
965 2043 1048 2118 mihi

261 2161 347 2234 olim
378 2162 471 2236 visus
500 2161 541 2234 sit
571 2161 708 2250 abesse,
728 2187 833 2266 quem
857 2181 991 2243 tamen,
1013 2181 1048 2231 re

260 2275 424 2349 attentius
453 2271 686 2362 considerata,
728 2299 819 2349 nunc
862 2297 925 2376 pro
953 2293 1047 2344 certo

260 2382 373 2459 habeo
417 2383 558 2460 indicari
592 2380 717 2461 ¹litteris
762 2407 894 2489 puncto
923 2383 1047 2457 notatis

261 2522 351 2600 quae
380 2495 473 2570 diem
505 2496 628 2572 mensis
656 2523 688 2571 et
719 2494 956 2571 hebdomadae
985 2493 1049 2566 im·

261 2607 411 2686 mediate
464 2632 681 2712 sequuntur,
730 2607 890 2684 videlieet
929 2626 1047 2692 tram,

263 2747 352 2825 qnae
381 2745 508 2794 annum
538 2719 619 2798 dant
640 2746 740 2822 239,
761 2718 889 2796 Christi
926 2741 1048 2816 1479·

263 2838 381 2931 Quare
410 2835 501 2906 enim
532 2833 637 2920 feria,
665 2835 810 2920 mensis,
838 2831 955 2916 locus,
981 2853 1047 2936 ry-

263 2943 463 3051 pogtaphus
513 2945 768 3052 diligentissime
818 2941 1046 3020 indicarentur

262 3082 296 3131 et
327 3057 423 3133 solus
452 3083 561 3132 annus
577 3060 819 3134 omitteretur?
849 3061 898 3132 Ac
916 3057 1046 3160 primae

262 3170 405 3275 quidem
445 3170 543 3247 binae
573 3171 705 3248 litterae
733 3194 753 3245 n
781 3196 815 3245 et
843 3191 868 3244 rt
901 3193 1049 3274 compo-

264 3306 349 3357 nunt
376 3305 411 3356 et
453 3286 543 3389 ipsae
584 3311 709 3361 nomen
751 3280 966 3368 Abrahatni,
992 3305 1050 3355 ea·

264 3419 409 3499 rumque
439 3421 644 3503 punctorum
673 3400 760 3473 ratio
788 3418 839 3471 est
877 3393 1050 3500 apertissi-

265 3533 343 3582 ma.
372 3506 441 3582 Sed
470 3535 558 3614 quae
587 3509 650 3586 alia
668 3536 739 3586 esse
762 3532 896 3615 potest,
916 3507 943 3584 si
964 3506 1048 3582 haec

264 3645 333 3695 non
363 3644 437 3707 est,
478 3624 562 3697 ratio
592 3647 800 3728 punctorum
837 3617 1049 3708 litterarum,

264 3757 353 3836 qnae
383 3737 602 3835 reperiuntur
639 3735 703 3810 sub
731 3735 835 3808 finem
865 3731 1048 3808 verborum

265 3841 335 3922 una*
369 3840 419 3920 ‘ra
457 3843 561 3934 ient?
601 3847 834 3945 Quamobrem
870 3869 936 3951 ego
974 3847 1050 3948 qui-

266 3957 348 4030 dem
380 3983 448 4030 non
477 3957 627 4046 dubito,
653 3961 735 4064 quin
758 3959 796 4032 iis
810 3955 968 4030 editionis
991 3983 1052 4032 uo·

266 4093 357 4144 strae
396 4093 471 4144 aera
513 4071 750 4156 contineatur,
785 4094 873 4173 quae
913 4067 1050 4143 aliunde

266 4183 400 4286 optime
438 4181 618 4257 cohaeret.
659 4189 744 4259 Nam
779 4179 954 4255 Abraham
983 4181 1049 4254 ben

264 4291 399 4369 Cltaiitn
428 4297 541 4369 statim
573 4318 648 4400 post
672 4293 868 4369 absolutum
899 4292 1048 4398 primum

265 4404 424 4482 ordinem
455 4406 487 4480 in
519 4405 678 4495 edendo,
708 4431 744 4482 ut
769 4405 943 4491 uidimus,
964 4409 1051 4480 Ger-

1106 2047 1213 2121 editio
1242 2073 1357 2122 nostra
1386 2047 1589 2122 amandetur
1610 2046 1652 2122 ad
1675 2072 1741 2122 au,
1768 2049 1896 2144 1476,

1105 2184 1165 2237 seu
1195 2159 1238 2234 ad
1267 2187 1396 2236 annum
1429 2162 1527 2266 printi
1560 2160 1712 2246 ordinis,
1741 2159 1894 2233 restitua-

1108 2294 1164 2346 tur
1194 2299 1301 2348 annus
1339 2299 1466 2371 1479,
1507 2273 1609 2378 idque
1639 2273 1694 2348 fiat
1725 2271 1827 2346 etiam
1859 2271 1893 2345 in

1104 2384 1350 2489 scriptoribus,
1380 2388 1439 2488 qui
1472 2411 1586 2460 meum
1618 2385 1713 2460 illum
1737 2383 1892 2460 libellum

1103 2497 1208 2572 secuti
1237 2521 1337 2584 sunt,
1364 2496 1450 2574 idest
1479 2499 1513 2572 in
1544 2497 1683 2574 Denisio
1704 2495 1830 2603 Suppl.
1849 2497 1893 2572 ad

1105 2608 1275 2686 Maittaire
1305 2635 1391 2686 tom.
1418 2615 1433 2684 1
1462 2637 1541 2718 pag.
1573 2617 1646 2708 58,
1676 2610 1710 2684 in
1739 2615 1893 2684 Panzero

1103 2719 1226 2794 Annal.
1256 2745 1330 2826 typ.
1360 2747 1442 2796 tom.
1471 2727 1487 2797 1
1518 2749 1552 2828 p.
1585 2747 1681 2824 397,
1720 2745 1756 2797 et
1785 2721 1819 2796 in
1849 2719 1893 2796 cl.

1104 2830 1307 2919 Audifredi,
1344 2858 1450 2938 quem
1492 2859 1602 2938 nuper
1638 2833 1701 2908 sibi
1729 2857 1890 2938 ereptum

1102 2943 1196 3018 dolet
1226 2943 1341 3035 ltalia,
1363 2945 1395 3019 in
1421 2947 1663 3022 recentissimo·
1682 2972 1745 3020 sno
1775 2945 1897 3051 Speci-

1103 3055 1196 3131 mine
1236 3057 1547 3134 historico-critico
1588 3057 1776 3134 italicarum
1818 3057 1897 3132 edi-

1106 3170 1237 3244 tionum
1269 3195 1335 3245 sec.
1364 3195 1418 3246 xv
1460 3174 1577 3276 paucis
1614 3170 1740 3246 abhinc
1770 3171 1896 3246 mensi-
1976 3161 1987 3172 ’

1105 3281 1168 3357 bus
1198 3287 1324 3357 Romae
1352 3283 1447 3358 edito
1487 3310 1519 3389 p.
1555 3285 1656 3382 238,
1687 3284 1746 3359 ubi
1778 3306 1894 3359 tamen

1104 3394 1199 3498 quod
1243 3396 1389 3484 mirum,
1429 3395 1702 3472 Casanatensium
1757 3419 1896 3472 nostrae

1104 3506 1265 3584 editionis
1305 3508 1556 3615 exemplarium
1602 3507 1696 3584 nulla
1735 3512 1894 3616 mentio.

1104 3624 1197 3698 Haec
1225 3621 1269 3698 de
1298 3649 1405 3698 anno.

1189 3733 1296 3833 Quod
1325 3735 1366 3810 ad
1397 3736 1511 3811 locum
1550 3761 1634 3812 tero
1662 3732 1782 3812 attinet
1812 3759 1892 3810 cum

1107 3848 1256 3952 primum
1296 3847 1423 3953 prodiit
1463 3850 1738 3923 Commentarius
1781 3871 1895 3924 noster

1106 3963 1159 4032 De
1181 3959 1415 4066 typographia
1436 3958 1895 4048 hebraeo÷lirrrariensi,ex-

1104 4071 1247 4146 titerunt
1284 4071 1378 4148 docti
1415 4071 1569 4145 nonnulli
1607 4071 1789 4176 scriptores
1818 4097 1898 4178 ger·

1107 4183 1223 4273 mani,
1261 4183 1321 4286 qui
1361 4180 1541 4288 epigraphi
1585 4183 1649 4286 ipsi
1686 4181 1820 4270 innixi,
1860 4185 1892 4257 in

1107 4320 1174 4398 qna
1209 4294 1333 4402 legitur
1374 4295 1518 4370 uerbum
1560 4315 1663 4380 arran,
1692 4319 1759 4368 non
1790 4315 1893 4383 onan,

1108 4410 1356 4483 ferrariensem
1387 4431 1534 4482 nostram
1563 4404 1749 4482 editionem
1773 4405 1806 4479 in
1829 4406 1894 4482 du·

267 4517 397 4594 sonidis
426 4518 513 4593 libro
542 4545 760 4626 occupatus
759 4518 845 4605 fuit,
882 4543 945 4593 nec
973 4543 1053 4622 sup·
1110 4519 1207 4595 bium
1237 4544 1462 4606 revocarent,
1499 4517 1745 4594 contendentes
1772 4521 1892 4595 Ferra-

267 4630 556 4738 plendo—nostro
600 4659 717 4709 vacare
746 4654 899 4738 poterat
936 4634 1051 4706 Potuit
1109 4634 1176 4707 riae
1204 4632 1346 4736 quidem
1388 4631 1621 4736 conscriptum
1655 4631 1782 4706 librum
1813 4631 1893 4707 suis-

269 4769 386 4820 antem
426 4745 702 4822 commodissime
740 4769 783 4821 eo
827 4769 940 4834 anno,
978 4769 1050 4848 quo
1107 4771 1188 4836 se,
1205 4771 1273 4820 non
1316 4748 1411 4852 typis
1451 4770 1651 4820 excusum.
1696 4749 1786 4818 Inter
1827 4745 1892 4822 hos

266 4856 394 4932 biennii
441 4857 657 4934 intervallum
698 4855 927 4934 effluxerat
949 4859 1049 4932 Binaa
1105 4857 1322 4934 doctissimus
1362 4856 1623 4934 Doederlein'
1615 4881 1649 4931 ru
1692 4855 1892 4932 Bibliothe-
1907 4843 1932 4868 s

266 4995 383 5044 aurern
409 4967 481 5044 illas
503 4971 632 5076 priores
661 4970 813 5061 litteras,
840 4994 1046 5097 quamquam
1103 4996 1144 5046 ca
1172 4970 1365 5078 theologica
1394 4970 1517 5048 selecta
1547 4995 1641 5075 parre
1671 4973 1685 5043 1
1719 4968 1800 5044 fasc.
1829 4993 1893 5060 vt,

266 5083 552 5186 compositionem
576 5081 1048 5190 ingredianturnoministy·
1104 5081 1188 5159 clar
1221 5084 1400 5188 Nagelr'us,
1439 5108 1473 5159 et
1501 5080 1763 5189 annagelius
1754 5109 1787 5156 m
1818 5083 1893 5157 Sei·

266 5195 481 5323 pographi,
496 5195 626 5302 duplici
656 5197 711 5273 hic
750 5196 844 5304 fungi
873 5196 986 5270 officio
1015 5217 1049 5269 et
1106 5196 1167 5270 leri
1210 5195 1488 5301 ephemeridibus
1528 5194 1699 5270 litterariis
1739 5203 1893 5279 Centem-
1977 5215 1979 5222 ’

268 5311 302 5382 ιιι
331 5308 408 5382 anni
437 5307 539 5384 etiarn
565 5335 770 5438 computum
800 5337 871 5384 esse
900 5331 1051 5383 necessa·
1107 5317 1181 5408 ntl'tr
1206 5316 1472 5413 fflettoeptnrrgert
1511 5307 1733 5404 an.178o.
1762 5313 1892 5432 Quam·

266 5425 320 5496 rio'
357 5419 611 5496 assumendas
601 5448 673 5526 rpsa
716 5422 835 5498 suadet
865 5423 974 5497 ratio
1013 5420 1049 5495 Si
1109 5425 1159 5499 uis
1190 5447 1294 5524 porro
1323 5447 1374 5498 sat
1403 5417 1535 5524 liquido
1564 5439 1731 5494 constaret
1767 5443 1810 5493 ert
1841 5419 1892 5518 ip·

266 5534 359 5610 enim
374 5534 577 5611 omittantur
599 5560 638 5612 ac
658 5534 750 5612 solae
769 5560 961 5644 postremae
985 5559 1052 5612 tres
1106 5561 1141 5611 sa
1159 5535 1402 5640 inscriptione,
1423 5533 1457 5606 in
1480 5555 1549 5636 qua
1567 5532 1619 5608 bis
1638 5529 1783 5606 verbum
1807 5551 1888 5606 arua
