5146 7094
794 659 1484 736 eAassnannA
1869 682 1938 752 ιμ

308 831 548 938 experimento
576 829 826 936 compererim,
857 856 890 907 et
919 829 961 908 ad
983 830 1098 936 hispa·
1153 860 1233 912 usus
1260 857 1332 927 est,
1360 833 1458 910 facile
1488 860 1572 925 nos,
1600 857 1638 912 ut
1668 832 1762 909 hunc
1783 829 1939 910 codicem

307 970 371 1020 nos
399 944 534 1020 codices
563 969 602 1018 ac
633 969 783 1020 ntasorae
820 945 910 1050 leges
950 966 984 1020 et
1024 944 1104 1048 ipsa·
1150 973 1170 1023 a
1210 951 1364 1024 Gersone
1406 946 1702 1054 Constantinopoli
1741 945 1805 1020 sub
1844 947 1941 1024 initio

304 1083 531 1162 comparata,
555 1055 740 1134 levioribus
772 1081 881 1132 tamen
912 1055 1094 1163 aliquando
1151 1083 1216 1135 sec.
1246 1083 1311 1134 rvr
1342 1057 1396 1136 vel
1433 1059 1478 1136 ad
1508 1086 1664 1136 normam
1696 1055 1859 1135 editionis
1887 1060 1942 1137 Pi.-

304 1191 411 1244 seatet
454 1167 621 1260 mendis,
658 1170 783 1274 quibus
820 1168 1095 1278 Ulyssiponensis
1143 1171 1317 1256 'murensis
1360 1173 1572 1279 exscriptum
1622 1195 1716 1260 esse,
1763 1169 1944 1250 credamus

306 1279 364 1355 ille
408 1280 659 1358 Pentateuchus
705 1309 774 1358 non
815 1307 940 1368 scatetr
985 1283 1094 1358 immo
1152 1281 1315 1360 inducere
1345 1309 1487 1390 possunt
1517 1284 1608 1363 unde
1637 1307 1741 1389 quare
1771 1309 1840 1360 tam
1869 1287 1944 1360 exi·

308 1397 400 1469 Gen.
433 1419 501 1470 xvr
537 1421 580 1494 3,
614 1393 916 1504 typographorum
949 1394 1095 1472 oscitan·
1149 1421 1239 1504 guus
1266 1397 1302 1471 in
1323 1397 1415 1473 hisce
1444 1397 1539 1476 terris
1568 1421 1663 1472 extet
1691 1397 1941 1504 exemplarium

305 1505 350 1580 tia
376 1531 436 1580 sex
465 1506 594 1615 integra
625 1508 727 1584 rerba
757 1533 978 1615 repetuntur,
1006 1531 1095 1615 quae
1152 1534 1334 1596 numerus,
1364 1511 1449 1586 ratio
1478 1507 1575 1585 reddi
1608 1531 1718 1614 posset
1746 1559 1789 1598 ,,.

307 1621 432 1696 vetusti
471 1621 671 1726 possessoris
708 1647 828 1698 manus
858 1623 891 1697 in
922 1620 1096 1698 membra·
1235 1626 1350 1721 Quam
1380 1617 1515 1698 infinita
1543 1621 1610 1697 sint
1638 1645 1727 1726 quae
1757 1621 1870 1726 primo
1891 1623 1943 1699 los

307 1755 412 1807 nacco
451 1759 531 1808 meo
559 1735 748 1838 exemplari
787 1733 932 1811 abrasit.
971 1733 1095 1810 Nescio
1151 1759 1192 1810 co
1221 1736 1397 1812 constituit
1436 1734 1651 1810 doctissimus
1690 1732 1762 1824 vir,
1796 1735 1942 1839 quisque

304 1867 421 1920 autem
443 1845 621 1950 quomodo
642 1846 750 1924 Biblia
771 1845 855 1924 haec
872 1847 991 1924 litteris
1013 1872 1094 1924 eum
1151 1845 1251 1923 htcile
1281 1847 1393 1926 ridet.
1436 1853 1521 1923 Nam
1561 1846 1654 1921 idem
1703 1847 1944 1954 typographus

304 1956 568 2064 Ulyssiponensi
604 1969 710 2064 quern
754 1959 938 2066 possideo,
977 1958 1094 2036 Nach-
1150 1983 1186 2035 et
1224 1957 1336 2036 editor
1373 1960 1567 2068 saepissime
1609 1984 1655 2034 ex
1696 1957 1762 2033 alio
1801 1957 1945 2047 codice,

302 2069 449 2146 manidis
494 2073 751 2148 Commentario
801 2071 985 2151 convenire
1025 2071 1095 2149 dici
1151 2096 1221 2148 non
1250 2098 1296 2150 ex
1324 2073 1429 2180 priori
1457 2069 1606 2148 editione
1635 2069 1783 2148 eundem
1813 2070 1942 2147 librum

302 2203 434 2286 queant
461 2181 523 2288 qui
565 2183 748 2263 rabbinicis
783 2213 822 2262 ac
859 2185 1095 2262 diversissimis
1151 2183 1304 2263 recudit.
1334 2187 1436 2262 Bittae
1464 2185 1664 2264 Patisienses
1694 2182 1871 2261 hebraicae
1890 2185 1944 2260 Bi·

304 2294 397 2402 typis
435 2319 587 2372 constat.
625 2302 746 2404 ltaque
784 2322 924 2375 testatus
961 2311 1037 2373 sum
1067 2298 1095 2372 si
1151 2299 1301 2376 bliorum
1331 2296 1499 2374 editiones
1530 2296 1670 2372 Roberti
1694 2296 1860 2402 Stephani
1889 2294 1944 2370 di-

303 2407 395 2483 ullus
439 2407 582 2513 quidem
626 2416 840 2508 conjecturae
887 2411 984 2487 locus
1023 2435 1094 2486 esse
1150 2438 1306 2518 strepant
1346 2412 1431 2487 inter
1475 2435 1534 2498 se,
1576 2433 1613 2484 ut
1654 2408 1846 2516 discrepant
1884 2435 1944 2484 eae

302 2543 385 2596 runc
416 2545 574 2624 poterat,
602 2551 713 2629 quum
744 2526 894 2630 primum
928 2523 1009 2597 haec
1038 2526 1095 2598 Bi·
1151 2551 1271 2602 omnes
1299 2551 1384 2630 quas
1414 2523 1614 2601 Soncinates
1643 2521 1715 2600 sive
1746 2523 1778 2596 in
1811 2525 1946 2628 patria,

303 2630 377 2708 bria·
403 2632 670 2744 illustravi‚qui
698 2663 778 2714 sane
800 2637 861 2714 vix
882 2631 1095 2722 habebatur,
1150 2639 1223 2716 sire
1253 2662 1373 2726 extra,
1415 2659 1662 2743 procurarunt,
1701 2661 1854 2739 moxque
1883 2637 1946 2710 ri·

303 2771 359 2821 me
387 2745 527 2824 Soncini
558 2752 674 2855 potius
710 2775 770 2827 aut
804 2777 822 2825 a
852 2747 1095 2824 Soncinatihus
1150 2751 1311 2828 debimns
1359 2774 1472 2826 nostra
1510 2747 1595 2822 haec
1640 2745 1773 2838 Biblia,
1819 2773 1947 2852 quam·

300 2855 391 2935 edita
422 2883 460 2934 ea
501 2887 621 2966 putate
648 2863 696 2940 oh
732 2865 916 2939 maximam
947 2861 1095 2936 affinita-
1151 2888 1304 2971 quanta
1346 2859 1611 2940 Soncittensibus
1648 2857 1947 2946 diversissima‚a

302 2995 372 3046 rent
402 2998 491 3076 quae
532 2975 565 3050 in
596 2977 714 3054 multis
753 3003 833 3054 curn
874 2972 1097 3052 Soncinensi-
1153 2973 1415 3066 Soncinatihus,
1453 2997 1488 3049 et
1524 2970 1664 3077 quidem
1704 2971 1749 3047 ab
1786 2996 1830 3047 eo
1869 2971 1947 3079 ipso

300 3081 365 3158 bus
392 3085 593 3164 servabant.
1152 3091 1213 3197 qui
1243 3086 1361 3196 prima
1380 3084 1598 3164 Soncinensia
1638 3081 1815 3171 ediderat,
1842 3082 1945 3180 baisse

384 3203 438 3281 Αι,
460 3225 543 3275 sero
567 3224 716 3276 nostram
745 3200 833 3278 hanc
861 3202 1094 3302 conjecturam
1153 3227 1290 3289 recusa,
1331 3223 1369 3276 ut
1416 3225 1481 3307 ego
1521 3201 1764 3301 conjeceram.
1809 3197 1945 3273 Falsum

301 3307 450 3387 referens
478 3311 519 3388 cl.
550 3313 725 3390 Moschius
747 3315 780 3390 itr
803 3311 1015 3388 Bibliotheca
1039 3337 1096 3386 sa·
1153 3337 1356 3424 permeet,
1385 3335 1422 3386 ut
1451 3311 1675 3387 animadverti
1706 3310 1739 3384 in
1769 3307 1947 3415 Appendi-

299 3439 365 3499 θη
386 3448 471 3500 tom.
502 3429 517 3500 1
549 3453 623 3536 pag·
669 3429 736 3513 15,
775 3425 833 3502 ubi
862 3450 896 3502 et
927 3425 1093 3530 integram
1151 3454 1192 3506 ce
1221 3426 1266 3502 ad
1304 3421 1459 3527 ejusdem
1502 3421 1645 3504 Maschii
1693 3421 1947 3498 bibliothecam

300 3560 451 3612 nostram
484 3536 751 3646 descriptionem
781 3539 928 3645 repetit,
956 3535 1095 3638 subjicit
1153 3568 1186 3648 p.
1219 3565 1293 3640 31,
1321 3539 1551 3614 Pisaurensem
1582 3533 1769 3612 editionem
1792 3531 1835 3610 atl
1857 3533 1947 3610 hanc

299 3646 394 3752 quod
426 3650 452 3724 si
491 3649 584 3725 idem
628 3650 800 3727 Abraham
832 3652 896 3728 ben
936 3648 1097 3737 chetim,
1152 3676 1224 3731 esse
1252 3651 1460 3738 formatam,
1486 3673 1544 3724 aut
1580 3647 1668 3726 hanc
1695 3673 1740 3724 ex
1768 3649 1950 3724 Pisauren-

298 3757 354 3835 cui
395 3760 583 3838 editionem
625 3763 705 3837 anni
754 3764 854 3857 1488
902 3760 1097 3849 debemus,
1151 3769 1201 3841 si.
1236 3769 1274 3837 ln
1315 3760 1432 3839 multis
1472 3760 1698 3849 lectionibus,
1727 3761 1946 3868 potissimum

298 3872 385 3948 haec
415 3899 555 3980 qnoque
597 3873 707 3951 Biblia
736 3872 923 3962 edidisset,
950 3871 1095 3978 procul·
1153 3881 1187 3953 in
1219 3874 1327 3983 plenis
1366 3899 1407 3950 ac
1445 3871 1709 3961 deficientibus,
1752 3899 1813 3950 eae
1845 3870 1949 3949 diffe-

298 3983 409 4062 dubio
445 3987 674 4092 antiquiorem
718 3985 907 4064 editionem
936 4007 1095 4060 accurate
1151 4012 1256 4076 runt,
1286 4010 1433 4091 suasque
1461 4007 1636 4092 praeterea
1671 3987 1858 4092 singulares
1887 3985 1948 4060 ha·

299 4097 419 4174 recudi
459 4123 628 4176 curasset.
670 4099 756 4176 Satis
797 4122 913 4175 autern
953 4119 1094 4202 apparet
1150 4099 1235 4178 bertr
1262 4099 1447 4184 lectiones,
1474 4095 1601 4202 quibus
1630 4123 1701 4173 nott
1731 4096 1835 4171 modo
1859 4097 1948 4174 inter

298 4235 343 4284 ert
373 4209 413 4287 iis
441 4237 527 4317 quas
556 4238 617 4289 nos
648 4213 712 4318 ipsi
741 4211 791 4289 illi
822 4208 1095 4287 communicavi·
1150 4239 1209 4305 se,
1246 4211 1306 4289 sed
1349 4233 1386 4286 et
1413 4208 1583 4316 agceteris
1622 4208 1783 4285 omnibus
1813 4207 1948 4285 dissen-

299 4349 398 4412 mus,
434 4323 536 4426 hujus
566 4325 694 4404 codicis
729 4321 934 4402 lectionibus
964 4347 1093 4397 cuma
1150 4326 1259 4402 tittnt.
1305 4321 1388 4399 Keri
1427 4319 1565 4398 circello
1595 4346 1733 4400 notatur
1763 4321 1796 4394 in
1827 4321 1948 4396 Pisau-

298 4437 499 4513 Soncinensi
544 4437 723 4517 recedere.
767 4436 1005 4536 Quamobrem
1048 4459 1094 4510 ert
1150 4439 1266 4529 rensi,
1306 4459 1344 4512 ac
1387 4439 1489 4512 Num.
1529 4461 1557 4511 x
1607 4459 1683 4538 35,
1732 4435 1780 4534 36
1820 4432 1948 4542 legitur

297 4549 365 4625 alio
403 4547 524 4627 codice
564 4579 625 4628 ms.
664 4551 737 4658 ipse
774 4551 862 4627 hanc
904 4547 1091 4625 editionem
1150 4551 1184 4626 in
1213 4575 1254 4626 ea
1283 4576 1354 4627 nun
1391 4551 1591 4637 inversum,
1631 4546 1727 4624 nulla
1766 4547 1948 4623 innostra

297 4689 515 4770 procuratam
554 4666 705 4770 primum
751 4663 919 4766 conjicit,
966 4659 1094 4736 deinde
1151 4661 1329 4768 utriusque
1377 4662 1544 4770 vestigia,
1592 4662 1729 4768 Deique
1778 4661 1948 4748 nomina,

297 4800 381 4852 vero
409 4802 453 4852 ex
496 4777 660 4886 singulari
698 4775 759 4854 illo
799 4774 950 4854 Estheris
990 4772 1093 4849 ritulo
1149 4800 1239 4880 quae
1268 4773 1506 4882 superstitiose
1537 4773 1669 4881 ubique
1698 4773 1732 4849 itt
1763 4773 1871 4878 priori
1904 4770 1952 4847 il-

296 4889 357 4994 qui
389 4889 422 4964 in
452 4889 641 4966 Pisaurensi
670 4891 751 4966 anni
794 4913 897 4986 1517
928 4885 1096 4962 observa·
1150 4889 1182 4964 la
1211 4885 1423 4976 efferuntur,
1459 4888 1529 4966 suis
1558 4887 1615 4966 hic
1646 4887 1791 4978 litteris,
1822 4910 1859 4960 ut
1889 4884 1951 4958 di·
2022 4883 2026 4890 ’

298 5027 378 5093 tur,
406 5003 641 5079 Pisaurensem
671 4999 714 5079 ad
745 5000 837 5077 hanc
866 5024 938 5076 esse
965 4999 1093 5074 forma·
1150 4999 1287 5092 rrimus,
1327 5023 1407 5076 sunt
1449 5025 1633 5107 expressa.
1674 5003 1817 5078 Constat
1846 4996 1950 5074 deni-

301 5138 394 5204 tam‚
422 5139 481 5192 aur
510 5113 598 5192 hane
626 5139 670 5192 ert
700 5113 891 5192 Pisaurensi
920 5109 985 5188 sihi
1015 5137 1094 5216 per·
1150 5137 1219 5218 que
1258 5138 1303 5188 ex
1333 5113 1448 5189 italico
1488 5113 1725 5221 Aphtararum
1762 5107 1886 5186 ordine
1915 5133 1950 5186 et

298 5225 449 5302 suadet.
489 5279 511 5319 „
550 5233 760 5306 ornamenta
802 5253 912 5312 tero,
953 5225 1092 5330 iuquit,
1150 5223 1244 5301 tituli
1273 5224 1410 5302 defectu
1452 5225 1536 5303 haec
1573 5217 1707 5310 Bibba,
1747 5247 1815 5298 non
1845 5222 1949 5297 CPoli

297 5337 428 5416 codicis
456 5363 544 5444 quae
573 5338 693 5417 eadem
722 5364 802 5420 sunt
829 5340 956 5448 quibus
987 5337 1087 5416 Ger·
1151 5338 1370 5415 atttineunte
1400 5361 1470 5414 xvt
1508 5338 1648 5424 seculo,
1686 5335 1747 5416 sed
1787 5333 1949 5412 initalia

297 5478 358 5528 son
401 5453 699 5562 Constantinopoli
754 5478 857 5552 1522
900 5476 935 5531 et
976 5477 1079 5553 ³53¹
1150 5473 1302 5530 exeunte
1323 5474 1379 5528 xv
1397 5447 1590 5557 prodiisse,
1619 5474 1658 5528 ut
1683 5449 1729 5528 ad
1752 5446 1948 5530 Mascltium
