5146 7094
1072 747 1078 758 ,
1858 694 1931 770 ¹09

293 837 1919 934 affl

623 1053 1578 1270 ‚nunnnrunn

340 1382 1885 1535 HEBRAEO-TYPOGRAPHICORUM

931 1675 966 1791 S
991 1674 1034 1790 E
1057 1673 1118 1790 C.
1197 1673 1249 1790 X
1273 1671 1336 1788 V.

882 1922 1163 2085 nnus
1244 1969 1351 2084 11

602 2253 945 2348 EDITIONES
982 2255 1169 2349 ANNO
1204 2250 1618 2347 DESTITUTAE.
1741 2387 1746 2393 Ι

603 2857 609 2870 .
680 2795 698 2866 1
1147 2805 1265 2880 ’Ἥ
1293 2803 1349 2868 'tlh
1377 2807 1460 2864 mata
1492 2789 1629 2863 Finitus
1657 2814 1707 2864 cst
1743 2813 1776 2863 et
1804 2793 1936 2866 absolo-

290 2909 379 3084 Β
1145 2925 1223 2976 tot.
1260 2903 1354 2976 Lont
1382 2905 1462 2976 Deo
1491 2914 1633 2976 creatori
1660 2909 1763 2976 seculi
1775 2956 1783 2975 .
1822 2907 1938 2980 Bene-

387 3015 403 3078 0'
432 3019 553 3094 David
580 3019 723 3094 Kimchi
761 3019 1022 3092 Commentarius
1049 3023 1084 3090 in
1140 3018 1251 3088 dictus
1278 3023 1460 3089 misericors
1489 3023 1548 3113 qui
1574 3019 1705 3114 adjuvit
1726 3043 1785 3092 not
1808 3027 1939 3114 aprin-

287 3139 416 3210 Isoiom
453 3157 493 3204 oc
522 3134 702 3208 Ieremiom
717 3183 731 3220 ,
760 3137 795 3202 r‘n
828 3130 899 3230 sol.
925 3137 993 3204 sinc
1022 3157 1085 3204 oo·
1140 3134 1228 3222 cipio
1257 3153 1358 3224 nsque
1387 3153 1493 3202 nnnc.
1535 3125 1609 3204 Sub
1638 3127 1742 3204 finem
1772 3157 1856 3206 uero
1885 3155 1939 3208 to·

286 3275 331 3322 oo
359 3271 392 3320 tt
420 3246 513 3317 loco.
1144 3239 1212 3316 tius
1239 3237 1401 3316 editionis
1433 3265 1521 3346 quae
1560 3240 1650 3318 foliis
1684 3245 1759 3318 160
1789 3243 1940 3323 absolvi·

375 3362 510 3433 Partem
551 3355 641 3434 hanc
670 3354 889 3462 auspicamur
919 3351 964 3429 ab
992 3351 1089 3431 inco·
1145 3376 1220 3442 rur,
1246 3377 1449 3459 repetuntur
1479 3353 1602 3461 prioris
1631 3354 1841 3433 hemistichii
1864 3385 1939 3436 ver-

286 3469 383 3580 gnita
424 3467 489 3546 alia
529 3472 718 3576 paucisque
761 3467 891 3545 abhinc
934 3468 1032 3544 annis
1069 3495 1090 3544 a
1144 3465 1215 3558 ba,
1243 3465 1369 3544 deinde
1393 3492 1474 3544 vero
1504 3493 1565 3544 ms.
1584 3468 1670 3546 haec
1700 3495 1781 3547 nota
1802 3475 1835 3548 iu
1858 3497 1938 3550 mco

288 3585 390 3661 nobis
433 3580 570 3660 detecta
617 3583 797 3670 editione,
835 3603 924 3688 quae
969 3606 1089 3658 omnes
1145 3579 1335 3688 exemplari
1375 3579 1555 3687 subjicitur
1598 3581 1782 3660 rabbinicis
1817 3585 1940 3664 litteris

288 3691 476 3806 praesefert
507 3721 606 3774 notas
642 3695 845 3802 antiquioris
884 3720 925 3769 ac
953 3693 1090 3800 primis·
1144 3717 1302 3800 expressa
1331 3693 1557 3772 orientalibus
1585 3695 1688 3774 valde
1717 3699 1883 3776 contortis
1903 3725 1939 3778 et

288 3814 396 3886 simae
425 3808 566 3886 aetatis.
593 3809 722 3915 Incipit
751 3833 770 3883 a
800 3805 973 3884 Kimchii·
993 3831 1089 3914 prae·
1145 3805 1327 3911 implexis,
1344 3805 1506 3914 lectuque
1527 3835 1746 3917 summopere
1770 3810 1937 3891 difficilis:

289 3921 445 4014 latione,
477 3924 669 4030 praemissis
706 3919 880 3998 consuetis
909 3920 1088 4011 versibus,
1145 3941 1247 3998 usim
1276 3915 1392 4000 niun
1426 3942 1539 4001 monn
1567 3943 1643 4000 'nso
1670 3942 1701 4016 1:
1743 3925 1862 4007 nolo
1889 3950 1939 4005 *tu
1999 4001 2003 4010 .

290 4035 350 4144 qui
380 4033 556 4114 breviores
585 4035 643 4112 hic
666 4032 874 4110 exhibentur
901 4055 1008 4137 quam
1028 4033 1086 4108 fiat
1141 4053 1208 4111 ano
1235 4053 1271 4110 rn
1297 4053 1380 4130 ’ntsp
1409 4031 1448 4112 h
1475 4053 1544 4131 pm
1577 4054 1687 4114 tatnam
1714 4057 1793 4117 atreo
1819 4041 1847 4116 ‘a
1874 4064 1938 4121 aar

289 4149 327 4225 in
346 4148 572 4226 Soncineosi.
601 4147 787 4225 Character
813 4143 1010 4224 rabbinicus
1028 4170 1087 4222 an·
1141 4167 1212 4225 sos
1231 4169 1307 4222 nno
1324 4147 1383 4230 rit
1411 4167 1525 4224 mmm
1549 4168 1689 4232 omnum
1718 4172 1800 4250 ’trop
1829 4175 1937 4231 nnana

290 4264 429 4370 tiquus,
459 4261 576 4352 rudis,
603 4261 733 4338 formae
754 4259 967 4368 hispanicae,
992 4284 1086 4368 prae·
1142 4280 1196 4336 'rto
1224 4281 1319 4358 qoam
1357 4259 1477 4354 sassa
1508 4259 1533 4342 ‘a
1572 4284 1693 4340 mmo:
1727 4263 1777 4346 ν’)
1816 4289 1871 4344 nat
1906 4287 1937 4360 ι)

289 4401 342 4454 ter
371 4375 513 4453 initialia
540 4375 662 4454 'verba
705 4373 792 4452 sacri
834 4397 971 4460 textus,
997 4397 1086 4480 quae
1143 4397 1268 4454 ranno
1298 4371 1394 4470 optol
1424 4369 1495 4451 ‘t'n‘r
1522 4397 1619 4454 aruo
1658 4397 1721 4452 'rra
1748 4377 1820 4456 mh
1847 4399 1938 4458 :nm

291 4485 460 4596 quadrato
487 4515 566 4567 sunt
608 4511 776 4580 exarata,
804 4486 863 4565 sed
893 4484 1023 4564 rudiori
1052 4509 1086 4562 et
1143 4506 1191 4562 ’nrt
1213 4508 1261 4564 rto
1287 4505 1351 4564 *nu
1379 4507 1492 4565 *nomn
1524 4488 1652 4568 r-rssh
1680 4488 1805 4568 nem
1832 4513 1937 4572 anns:

291 4603 487 4710 inaequali.
530 4603 656 4712 Pagina
679 4602 838 4712 integra,
879 4599 976 4676 lineis
1004 4626 1087 4677 con·
1142 4619 1250 4678 *anum
1277 4597 1374 4678 nelo
1415 4605 1537 4714 „Ego
1576 4603 1741 4681 Salomon
1774 4605 1866 4683 filius
1893 4607 1938 4686 el.

290 4743 384 4793 stans
418 4743 491 4820 33,
534 4715 639 4794 nullis
681 4717 850 4802 numeris,
877 4715 1089 4824 signaturis,
1141 4713 1303 4820 saplentis
1340 4712 1481 4819 perfecti
1520 4743 1560 4793 ae
1599 4716 1745 4806 medici,
1785 4717 1939 4798 doctoris

290 4829 402 4908 titulis
432 4830 618 4938 insignita,
660 4828 848 4908 litterarum
878 4825 1085 4934 compendia
1141 4831 1184 4902 ll.
1222 4825 1356 4906 Seataui
1399 4829 1550 4918 zacheo,
1596 4857 1657 4908 seu
1702 4832 1845 4911 senioris
1880 4832 1939 4922 fel.

292 4970 393 5052 saepe
423 4943 559 5022 duabus
586 4943 657 5022 ·vel
684 4943 796 5022 tribus
834 4941 971 5020 lineolis
999 4942 1088 5018 indi·
1143 4967 1265 5034 mem,
1293 4943 1458 5050 acquisivi
1479 4944 1574 5022 hunc
1596 4944 1723 5024 librum
1752 4951 1939 5024 Commen-

291 5080 436 5150 cantur,
478 5056 565 5166 sigla
607 5057 788 5137 ineffabilis
831 5059 896 5134 Dei
933 5055 1086 5132 nominis
1142 5057 1298 5136 mentatii
1342 5055 1496 5133 Kimchii
1537 5060 1572 5136 in
1613 5061 1733 5136 Isaiam
1771 5087 1810 5138 ac
1839 5066 1938 5142 lere-

288 5170 390 5280 plane
418 5171 598 5281 singularis
626 5196 662 5249 et
689 5170 810 5250 eadem
838 5197 928 5279 qnae
957 5171 993 5245 io
1021 5175 1086 5246 Re·
1142 5172 1272 5259 miam,
1309 5197 1412 5278 super
1439 5197 1513 5278 quo
1554 5172 1597 5250 sit
1626 5199 1722 5279 par,
1759 5172 1804 5250 ab
1833 5177 1937 5257 Ascer

290 5285 407 5394 giensi·
427 5284 552 5367 Iarchii
582 5289 840 5364 Commentario
856 5285 937 5362 anni
962 5307 1084 5384 1475·
1139 5284 1212 5360 filio
1239 5283 1393 5377 Zeracb,
1420 5291 1520 5390 cnjus
1539 5287 1673 5391 requies
1700 5285 1741 5362 sir
1771 5285 1805 5364 in
1836 5314 1938 5394 para-

289 5398 346 5473 ·Ad
376 5397 506 5474 calcem
536 5398 640 5476 Isaiae
677 5400 829 5506 legitur:
868 5395 988 5476 :hun
1013 5421 1083 5474 tort
1139 5398 1242 5491 diso,
1272 5426 1335 5506 pro
1362 5425 1498 5477 summa
1531 5425 1550 5501 3
1582 5398 1790 5476 carlioorum
1818 5424 1938 5508 argen-

289 5529 379 5606 tuot
407 5531 514 5616 arona
550 5532 617 5626 ro
650 5509 751 5598 :inst
787 5533 861 5618 tram
897 5507 959 5592 tet
986 5531 1082 5612 nau
1139 5511 1196 5603 ti,
1235 5512 1292 5592 die
1330 5535 1359 5590 ιι
1402 5513 1530 5594 mensis
1571 5512 1654 5592 adir
1697 5537 1789 5590 anno
1813 5518 1935 5593 Caniu
