5146 7094
637 701 713 771 ιι,
1094 669 1445 748 annates
1494 669 1840 744 nen-we.

629 853 772 941 titulus,
809 873 883 928 tum
922 847 1075 956 capitum
1116 847 1213 926 initia
1242 867 1425 934 constant,
1482 845 1555 954 piar
1593 868 1806 926 recensentes
1848 844 1908 922 fol.
1948 870 2020 945 30,
2069 847 2137 926 hoc
2175 851 2275 933 unice

628 970 773 1077 paginae
812 963 909 1044 lineis
942 989 1019 1064 23,
1056 959 1164 1040 editio
1201 959 1292 1038 foliis
1329 985 1423 1061 172,
1482 959 1623 1038 tradunt
1651 985 1725 1040 esse
1762 987 1808 1038 ex
1837 959 2073 1066 antiquissima
2101 961 2275 1046 editione.

630 1107 779 1190 quorum
807 1077 983 1187 postremo
1003 1076 1172 1184 quaedam
1193 1076 1342 1153 occurrit
1359 1079 1427 1152 Co·
1483 1081 1554 1154 Nec
1584 1076 1774 1152 accuratius
1813 1075 2015 1176 conjiciebat
2044 1077 2277 1159 Bartoloccius

629 1197 700 1272 nati
729 1193 935 1303 epigraphe,
966 1191 1026 1268 ubi
1058 1191 1182 1268 iterum
1210 1217 1245 1268 se
1273 1188 1426 1296 appellat
1482 1215 1528 1266 cx
1557 1189 1760 1268 characteris
1800 1192 1930 1266 ratione
1969 1215 2046 1266 earn
2075 1190 2181 1268 CPoli
2216 1219 2276 1272 aut

630 1309 813 1386 minimum
831 1331 951 1383 eorum
974 1306 1034 1412 qui
1053 1307 1190 1416 copiam
1214 1303 1268 1380 vel
1287 1307 1427 1400 affluen·
1482 1303 1749 1382 Thessalonicae
1799 1329 1871 1380 esse
1909 1328 2087 1381 curatam.
2133 1311 2277 1386 Detecta

630 1426 714 1502 tiam
755 1421 906 1508 faciunt,
943 1418 1157 1500 medicorum
1194 1417 1426 1527 discipulum,
1482 1421 1575 1496 enirn
1605 1446 1698 1498 nunc
1727 1416 1835 1527 prima
1865 1416 1922 1496 illa
1951 1423 2138 1497 Mantuana
2167 1425 2278 1499 Cona-

628 1561 832 1646 ptomotum
870 1534 1042 1612 sociorum
1084 1534 1295 1621 minimum,
1340 1533 1427 1609 scri·
1483 1535 1510 1612 ti
1539 1533 1713 1628 editione,
1751 1533 1792 1611 lis
1820 1531 1962 1640 quidem
1992 1535 2106 1610 omnis
2135 1533 2180 1611 de
2201 1540 2274 1640 ejus

630 1651 773 1729 bentem
803 1649 921 1726 multis
950 1648 1087 1726 calamis
1110 1649 1244 1756 absque
1268 1645 1339 1722 ullo
1361 1648 1429 1723 mi·
1483 1646 1664 1728 domicilio
1691 1671 1727 1724 et
1755 1647 1948 1726 editionum
1978 1647 2056 1724 loeo
2078 1671 2130 1725 est
2151 1647 2277 1734 ditem·

630 1765 732 1844 rabili
761 1789 888 1872 opere.
917 1771 955 1840 ln
985 1789 1024 1841 ea
1054 1787 1169 1842 autern
1199 1762 1243 1840 de
1265 1760 1425 1838 laudibus
1483 1788 1565 1871 pta.
1592 1769 1734 1842 Nostrae
1761 1762 1866 1867 hujus
1895 1760 1989 1840 varia
2017 1763 2180 1871 exempla
2197 1792 2280 1868 cor·

631 1905 837 1986 summaque
873 1879 951 1956 libri
981 1877 1182 1984 praestantia
1220 1876 1292 1985 agit
1321 1901 1427 1984 typo·
1482 1880 1646 1972 rasimus,
1673 1904 1824 1986 quorum
1853 1876 1915 1953 tria
1944 1874 2036 1984 apud
2060 1904 2122 1954 nos
2142 1903 2279 1958 extant.

631 1993 804 2102 graphas,
831 2019 900 2100 qua
939 1993 1127 2071 excitatum
1168 1992 1351 2097 arripuisse
1389 2017 1424 2068 sc
1480 1995 1594 2073 Habet
1622 2020 1656 2072 et
1685 1993 1868 2080 Vaticana,
1905 2015 1942 2066 et
1971 2014 2009 2067 ut
2038 2018 2105 2101 ego
2134 1993 2277 2100 quidem

630 2105 729 2183 illurn
759 2107 877 2183 scribit
897 2131 1002 2214 atque
1022 2132 1176 2206 exarasse
1197 2105 1336 2182 calamis
1356 2107 1425 2184 suis
1480 2109 1624 2216 opinor,
1662 2107 1767 2185 etiarn
1812 2105 2033 2183 Tauriueusis
2072 2107 2161 2184 inter
2199 2135 2278 2188 nass.

632 2244 673 2297 ut
701 2248 762 2330 per
797 2245 878 2298 eum
914 2219 959 2298 de
997 2221 1175 2330 republica
1219 2247 1425 2300 mereretur.
1482 2222 1617 2303 codices
1644 2249 1725 2300 cum
1755 2218 1929 2299 Becltimid
1957 2220 2049 2297 olam
2078 2246 2125 2296 ex
2152 2221 2276 2320 eadem

629 2335 721 2413 Hinc
759 2340 949 2414 orationem
990 2335 1142 2429 claudit,
1177 2361 1345 2445 exoptans
1387 2361 1424 2416 ut
1480 2340 1601 2416 Conari
1629 2337 1781 2414 editione
1810 2357 2052 2441 compactam.
2080 2340 2151 2412 Nec
2180 2338 2274 2414 enim

630 2450 798 2560 ingressus
825 2449 904 2526 libri
933 2450 1034 2554 hujus
1059 2451 1092 2528 in
1111 2450 1258 2528 domum
1289 2479 1423 2559 posses·
1479 2452 1604 2530 dubito
1639 2453 1722 2558 quin
1762 2450 1805 2528 cl.
1853 2447 1977 2524 Pasinii
2026 2446 2275 2543 hallucinatio,

629 2567 714 2642 soris
741 2567 785 2641 sit
813 2567 845 2641 ei
874 2571 1016 2670 ejusque
1045 2565 1422 2676 filiisinaugmentum
1477 2594 1583 2676 quam
1626 2593 1729 2674 supra
1767 2563 2095 2657 animadvertimus,
2135 2563 2180 2642 de
2208 2593 2280 2674 po-

628 2677 903 2772 benedictionis,
941 2676 1130 2766 felicitatis,
1179 2683 1287 2769 vitae,
1316 2681 1424 2786 suin·
1477 2683 1617 2760 steriore
1646 2681 1714 2758 hoc
1749 2678 1838 2756 libro
1875 2677 1991 2754 abeo
2030 2705 2094 2785 pro
2122 2706 2184 2756 ms
2214 2682 2275 2757 ha·

628 2795 789 2900 ciensque
816 2817 898 2870 octo
926 2819 1060 2886 versus,
1088 2795 1214 2904 quibus
1233 2793 1349 2904 operis
1366 2822 1423 2874 ar·
1478 2795 1572 2885 bito,
1602 2793 1645 2872 ad
1683 2794 1787 2872 alium
1816 2816 1957 2900 quoque
1993 2791 2123 2872 librum
2161 2793 2273 2872 Nbfed

627 2933 833 3018 gumemum
873 2934 912 2984 ac
940 2906 1058 2984 laudes
1098 2913 1244 3018 repetit,
1287 2915 1422 2987 Deum·
1479 2909 1611 2988 tzufim
1652 2911 1696 2986 sit
1734 2903 1987 2995 transferenda,
2029 2909 2201 3014 quicum
2231 2933 2274 2985 eo

628 3049 698 3129 que
737 3021 887 3098 universi
915 3022 1107 3122 celebrat,
1126 3023 1222 3130 quod
1251 3023 1337 3102 haec
1365 3051 1423 3103 re·
1477 3024 1722 3133 conjungitur,
1751 3046 1786 3099 et
1824 3045 1875 3098 est
1905 3023 2009 3100 unius
2047 3023 2273 3132 ejusdemque

628 3135 739 3243 petire
779 3135 922 3226 fecerit,
966 3134 1021 3213 vel
1062 3136 1228 3214 obtulerit
1265 3139 1419 3215 auctori.
1477 3139 1703 3218 characteris.
1737 3143 1788 3212 hc
1817 3133 1917 3212 valde
1947 3137 2143 3214 verosimile
2170 3141 2274 3215 etiam

628 3254 728 3327 Hanc
755 3245 942 3326 editionem
981 3249 1127 3326 afferunt
1154 3252 1355 3330 Buxturfius
1383 3252 1423 3328 fi·
1478 3277 1550 3342 est,
1579 3281 1618 3331 ac
1649 3277 1735 3360 pene
1756 3273 1915 3337 certum,
1935 3250 2112 3358 exemplar
2136 3255 2175 3328 R.
2198 3255 2275 3328 Μο-

628 3365 696 3441 lius
725 3364 757 3438 in
798 3363 886 3440 notis
925 3362 980 3439 rel
1009 3361 1250 3442 additamentis
1285 3364 1328 3442 ad
1358 3392 1424 3473 pa·
1478 3369 1523 3446 ais
1544 3367 1726 3473 Raphaelis
1745 3363 1790 3441 de
1811 3362 1954 3472 Aguilar
1976 3363 2071 3472 quod
2098 3389 2274 3471 tamquam

628 3479 689 3554 tris
717 3474 969 3554 bibliothecam
999 3475 1095 3552 rabb.
1124 3503 1157 3584 p.
1192 3505 1291 3577 145,
1319 3480 1423 3557 Scab·
1480 3509 1542 3558 ms.
1571 3502 1721 3558 recenset
1750 3481 1822 3581 ejus
1862 3476 2046 3589 Catalogus
2076 3505 2111 3585 p.
2148 3483 2215 3571 18,
2242 3503 2278 3556 et

628 3613 726 3669 taeus
755 3615 789 3696 p.
821 3613 894 3690 53,
933 3590 1162 3667 battoloccius
1205 3617 1289 3669 torn.
1317 3619 1359 3670 111
1388 3621 1422 3701 p.
1478 3621 1523 3672 ex
1551 3621 1593 3670 eo
1623 3593 1767 3672 Wolfius
1796 3591 1983 3700 posteriore
2013 3593 2109 3680 loco,
2139 3617 2213 3669 esse
2241 3615 2278 3669 et

540 3744 543 3760 ·
632 3707 709 3803 65,
738 3729 777 3780 ac
805 3705 952 3781 Wolfius
982 3727 1065 3779 tom.
1095 3709 1110 3780 1
1140 3731 1174 3811 p.
1204 3732 1286 3807 447
1317 3731 1352 3783 et
1380 3733 1423 3784 111
1480 3707 1594 3814 ipsum
1626 3711 1829 3816 impressum
1867 3730 1902 3781 et
1929 3704 1976 3782 ad
2005 3730 2158 3783 nostram
2188 3706 2278 3784 hanc

629 3847 665 3927 p.
698 3843 798 3919 333,
824 3817 884 3894 sed
913 3842 1027 3894 errant
1053 3845 1175 3895 omnes
1196 3819 1231 3894 in
1253 3820 1424 3929 assignan-
1478 3822 1669 3899 editionem
1698 3821 1895 3930 pertinere.

628 3933 678 4009 do
707 3933 807 4007 loco.
843 3933 1039 4007 Buxtorsrus
1067 3958 1107 4008 ac
1147 3933 1331 4011 Scabtaeus
1358 3935 1424 4012 ab·
1851 3995 1919 4068 VI

628 4044 739 4123 solute
767 4046 921 4123 scribunt
959 4045 1086 4121 librum
1116 4044 1322 4152 impressum
1350 4073 1424 4126 esse

631 4157 819 4250 Coloniae,
846 4183 890 4236 ex
921 4187 1004 4265 pura
1035 4186 1074 4235 ac
1095 4159 1186 4238 futili
1207 4169 1425 4265 conjectura.
1568 4169 1708 4262 loseph·
1736 4169 1956 4254 Gorr'oru'dr's,
1992 4191 2051 4242 tert
2089 4159 2184 4242 inssi
2230 4173 2281 4239 ru's

628 4281 716 4351 Nam
748 4300 785 4348 ut
822 4272 1053 4350 Bartoloccius
1090 4300 1130 4350 ac
1168 4277 1313 4355 Wollins
1353 4276 1426 4354 ani·
1482 4279 1639 4353 Historia
1673 4283 1812 4375 iudaice
1855 4289 1889 4354 in
1918 4283 1987 4375 fol.
2030 4289 2101 4356 site
2130 4308 2216 4354 annu
2247 4304 2281 4353 ec

630 4389 876 4478 madvertunt,
913 4386 1006 4464 nulla
1036 4388 1071 4461 in
1099 4415 1144 4464 eo
1180 4389 1328 4465 habetur
1358 4391 1426 4469 loci
1482 4394 1576 4481 loco,
1594 4399 1651 4467 sed
1672 4397 1835 4468 Mantuae
1856 4419 2003 4468 antean.
2024 4413 2280 4469 mcccclxxx.

629 4502 685 4579 vel
724 4502 805 4576 anni
851 4503 1011 4577 mentio.
1054 4499 1162 4578 Addit
1206 4503 1352 4581 Wolfius
1392 4509 1426 4583 iu
1567 4505 1827 4581 conveniebant
1864 4508 2006 4612 quidem
2037 4510 2070 4582 in
2109 4507 2174 4582 hac
2203 4531 2282 4581 rne-

629 4614 733 4689 dorso
763 4614 970 4722 exemplaris
1009 4613 1104 4719 quod
1135 4617 1275 4693 extabat
1305 4618 1340 4693 in
1370 4619 1427 4695 bi·
1482 4619 1649 4696 moranda
1679 4617 1830 4696 editione
1847 4620 2102 4710 Bartoloccius,
2124 4621 2282 4728 lttigius,

630 4725 806 4812 bliotbeca
834 4727 1129 4834 Oppenlaeimeri,
1160 4729 1340 4807 Coloniam
1364 4735 1427 4809 ite-
1481 4729 1645 4810 Albertus
1673 4734 1869 4821 Fabricius,
1887 4735 2055 4824 wolfius,
2071 4734 2280 4841 basnagius,

630 4867 707 4916 rum
739 4863 916 4945 tamqnam
945 4844 1173 4948 impressionis
1199 4843 1314 4921 locum
1345 4845 1426 4923 fuis·
1482 4847 1755 4953 Breitlrauprus,
1807 4849 2035 4957 Gaguerius,
2079 4846 2280 4952 Prideaux,

629 4980 666 5036 se
688 4953 1039 5062 designatam,qtrod
1061 4958 1281 5034 recentiorem
1304 4985 1426 5064 quern·
1483 4960 1697 5045 Maittarius,
1740 4959 1917 5039 Calmctus
1971 4961 2095 5069 aliique
2133 4961 2284 5068 scripto-

628 5068 710 5148 datn
740 5067 857 5144 fecisse
899 5095 968 5144 non
997 5067 1148 5156 dubito,
1177 5071 1331 5148 Scabtaei
1360 5091 1433 5150 au-'
1482 5096 1557 5159 res,
1584 5075 1643 5150 sed
1674 5101 1783 5179 quum
1815 5077 1903 5153 male
1932 5102 2052 5153 ornnes
2081 5075 2183 5152 CPoli
2214 5073 2280 5150 ad-

629 5184 789 5264 ctoritate
818 5208 1036 5291 permotum.
1077 5183 1148 5283 Qui
1178 5185 1268 5261 illius
1297 5187 1426 5263 biblio-
1482 5187 1668 5264 scriberent
1707 5213 1742 5264 et
1771 5216 1863 5266 anno
1901 5217 2029 5287 1490,
2057 5217 2096 5266 ac
2124 5187 2283 5264 CPolita·

629 5297 773 5386 thecae,
811 5299 918 5402 modo
946 5299 1180 5406 Seligmanui,
1220 5301 1424 5408 Catalogum
1482 5325 1542 5376 nas
1585 5301 1669 5378 duas
1711 5301 1879 5380 editiones
1906 5302 2153 5390 obtruderent,
2190 5326 2282 5409 quae

631 5410 834 5500 ediderunt,
863 5412 993 5490 nullam
1022 5416 1095 5512 eius
1124 5416 1421 5492 numerationem
1481 5441 1560 5490 meo
1596 5414 1737 5522 quidem
1783 5419 1913 5518 judicio
1952 5443 2021 5494 nun
2062 5415 2282 5506 existebant,

631 5526 792 5609 ridentur
806 5525 980 5618 habuisse,
994 5529 1055 5636 qui
1067 5526 1154 5606 allud
1171 5529 1285 5639 ipsum
1306 5556 1425 5608 exem·
1480 5527 1623 5608 alteram
1639 5531 1725 5622 anni
1749 5557 1875 5633 1490,
1894 5532 2036 5611 alteram
2051 5531 2134 5609 anni
2162 5555 2289 5630 1510,
2309 5540 2314 5550 '
