5222 7090
805 702 884 775 DE
910 705 1035 776 ΗΕΒ.
1070 707 1184 780 TYP.
1216 708 1445 782 ORIGINE
1898 728 1948 780 rx

609 935 649 1062 g,
710 969 775 1028 ,1
1144 865 1313 968 mariam
1347 875 1558 971 Venetam
1597 877 1821 1004 quamdam
1855 905 1945 972 sta-

1144 1029 1272 1098 tuunt
1293 1011 1394 1098 anni
1430 1031 1546 1124 1511
1584 1041 1697 1133 quae
1717 1042 1942 1135 numquam

288 1103 380 1177 Heu.
407 1109 486 1200 typi
514 1129 593 1178 rrum
617 1106 660 1177 ab
671 1106 765 1181 Aldu
786 1107 841 1178 at!
867 1109 1078 1206 Bombergr'o
1146 1134 1314 1227 extitit·
1360 1134 1414 1228 In
1459 1135 1611 1226 horum
1658 1168 1838 1228 numero
1880 1163 1949 1228 est.

530 1224 679 1312 primum
707 1221 872 1293 adhibiti.
1145 1261 1338 1356 Ganzius
1371 1267 1417 1354 in
1449 1262 1662 1357 Tzemach
1696 1264 1844 1357 David
1866 1261 1945 1355 fol.

373 1382 528 1515 Itaque
560 1421 693 1515 quum
725 1389 781 1482 ad
813 1392 1089 1516 posteriorem
1145 1417 1203 1512 43
1255 1423 1406 1501 verso,
1454 1390 1698 1486 Ghedalias
1747 1393 1834 1485 ben
1875 1390 1947 1488 Ja-

285 1540 467 1607 aetatem
515 1521 751 1608 necessario
801 1517 1089 1609 amandandus
1146 1524 1242 1615 chia
1274 1525 1321 1612 in
1350 1519 1589 1614 Scalsceled
1609 1519 1848 1614 altltabbala
1869 1516 1946 1611 fol.

153 1722 163 1740 ,
285 1647 341 1732 sit
389 1645 684 1754 hebraicorum
727 1670 930 1774 typorum
964 1681 1089 1758 usus,
1152 1649 1240 1741 116
1261 1653 1421 1776 pariter
1440 1683 1592 1758 verso,
1622 1674 1668 1741 et
1698 1647 1753 1740 R.
1772 1644 1943 1743 Jechiel

286 1769 450 1864 adeone
484 1779 617 1866 serius
649 1807 747 1866 eum
779 1802 1007 1866 statuemus
1040 1802 1088 1868 ut
1144 1778 1207 1871 fil.
1238 1779 1504 1890 Salomonis,
1536 1779 1846 1870 recentissimus
1866 1774 1946 1872 Ju-

289 1898 456 1992 Aldum
501 1899 746 1995 Manutium
786 1907 967 2028 primum
1002 1938 1090 1996 esse
1145 1909 1346 2002 dacorum
1391 1905 1745 2034 bibliographus,
1790 1909 1836 1995 in
1871 1904 1947 1996 Se-

288 2028 540 2123 arbitremur
573 2039 649 2158 qui
682 2030 853 2125 eosdem
885 2031 1091 2124 adhibue·
1145 2039 1223 2130 der
1256 2033 1442 2129 adorbth
1473 2067 1540 2126 an.
1582 2033 1944 2154 5191111769

288 2157 380 2247 rit?
427 2155 554 2252 Unus
595 2187 658 2252 est
707 2160 829 2286 quod
859 2162 1012 2273 sciam,
1044 2163 1090 2251 in
1145 2165 1397 2259 Carlstuhae
1448 2163 1566 2254 edito
1620 2158 1698 2254 fol.
1747 2161 1837 2274 62,
1891 2197 1944 2252 ex

286 2283 372 2376 hoc
405 2289 561 2414 insigni
595 2285 870 2379 defendendo
909 2321 1092 2381 anacro·
1147 2293 1401 2386 Christianis
1434 2324 1540 2382 vero
1573 2290 1836 2418 Basnagius,
1869 2294 1948 2418 qui

287 2417 424 2505 nismo
463 2413 704 2507 Bernardus
747 2412 1090 2525 Mallincrotius,
1145 2427 1308 2550 priores
1340 2419 1440 2510 illos
1472 2444 1661 2514 auctores
1689 2445 1871 2531 temere,
1899 2443 1947 2510 ut

286 2573 412 2664 quem
446 2545 596 2654 miror,
628 2568 840 2634 auctorem
873 2547 919 2632 in
948 2572 1088 2634 ortum
1145 2551 1341 2661 videtur,
1367 2573 1556 2656 secutus,
1578 2534 1946 2674 primumhebrai·

288 2701 337 2758 ac
370 2701 634 2796 progressum
669 2675 768 2762 artis
802 2671 1088 2799 typographi·
1142 2713 1288 2772 corum
1330 2676 1534 2768 librorum
1575 2677 1784 2769 editorem
1816 2673 1948 2766 Bom-

288 2829 360 2887 cae
404 2797 596 2889 studiose
650 2801 963 2924 inquirentem,
1019 2823 1087 2889 tot
1145 2807 1338 2934 bergium
1371 2806 1612 2916 constituit,
1634 2803 1855 2928 primaque
1874 2803 1948 2894 he·
2080 2801 2082 2804 ’

286 2921 582 3018 hebraicorum
623 2926 832 3019 librorum
880 2926 1091 3019 editiones
1146 2935 1288 3027 braica
1323 2931 1465 3024 Biblia
1509 2965 1562 3022 eo
1593 2964 1709 3023 anno
1742 2930 1948 3022 excudis-

287 3049 460 3144 latuisse
502 3087 616 3178 quae
649 3081 773 3147 antea
816 3055 1090 3181 prodierant·
1147 3097 1218 3173 se,
1257 3059 1540 3152 Soncinenses
1584 3092 1689 3149 vero
1729 3062 1807 3184 qui
1838 3061 1948 3151 circa

288 3177 472 3272 Minima
517 3186 630 3274 enim
664 3175 762 3276 sunt
808 3216 1012 3308 prorsus,
1045 3207 1091 3274 ut
1148 3190 1278 3284 finem
1312 3221 1390 3283 sec·
1421 3220 1480 3279 xv
1513 3221 1586 3279 seu
1609 3219 1725 3277 anno
1749 3210 1872 3309 1490
1892 3220 1946 3278 ex

287 3332 411 3400 notat
433 3307 716 3421 Maittairius,
737 3311 1094 3437 seriorisqueval·
1147 3307 1270 3446 Spita
1300 3322 1350 3409 in
1382 3312 1548 3408 Italiam
1580 3341 1814 3429 venerant,
1846 3315 1948 3406 dum

288 3435 343 3530 de
375 3439 522 3529 aetatis
562 3474 672 3565 quae
707 3441 847 3532 Aldus
886 3471 945 3530 xv
974 3471 1091 3532 secu·
1148 3447 1346 3541 Veneriis
1404 3443 1689 3570 Bombergius
1742 3469 1950 3572 typogra-

285 3563 332 3657 lo
379 3564 577 3658 hebraice
629 3569 842 3681 excudit,
890 3571 1087 3659 nimirum
1146 3577 1292 3704 phiam
1325 3573 1578 3680 exercebat,
1611 3605 1729 3664 suam
1762 3574 1946 3663 erexisse

290 3727 385 3822 pars
419 3728 576 3786 versus
609 3694 723 3790 Psal.
756 3728 840 3788 axv
887 3698 934 3786 in
967 3692 1089 3787 Poli—
1144 3705 1342 3798 Soncini.
1375 3699 1435 3792 V.
1468 3697 1587 3794 Hist.
1618 3697 1719 3794 lud.
1751 3700 1840 3790 vol.
1866 3730 1947 3791 xrv

290 3826 397 3916 tiani
430 3824 634 3948 operibus
666 3858 734 3918 an.
772 3819 918 3942 1498,
962 3852 1005 3915 et
1036 3824 1092 3913 li·
1145 3870 1189 3962 p.
1225 3833 1318 3952 879
1352 3857 1396 3922 et
1428 3825 1554 3948 885.
1605 3826 1661 3920 In
1693 3829 1848 3954 quibus
1879 3854 1947 3921 tot
2043 3907 2047 3914 ,

287 3951 439 4040 neolae
470 3951 676 4076 quaedam
717 3959 766 4042 in
802 3947 1090 4079 Hypneroto·
1144 3960 1277 4057 ferme
1307 3993 1491 4069 errores,
1523 3986 1633 4083 quot
1660 3957 1816 4049 verba·

288 4077 452 4168 machia
501 4112 569 4170 an.
618 4103 765 4198 1499,
810 4113 889 4172 nec
922 4103 1088 4203 praeter

286 4205 562 4331 alphabetum
587 4231 629 4298 et
649 4206 845 4302 hebraica
865 4205 1089 4334 quaedam,
1450 4150 1492 4276 s
1543 4185 1576 4246 V
1593 4181 1638 4240 ¹¹

322 4336 446 4426 uibus
479 4335 622 4458 legere
654 4361 755 4464 tyto
774 4335 1017 4447 condiscat,
1043 4338 1089 4425 in
1219 4323 1281 4398 ⁴4⁸²
1309 4343 1331 4395 α
1358 4319 1596 4460 suerranum
1622 4339 1710 4390 ΜΟ
1746 4321 1871 4411 ¹4⁸4·

286 4367 476 4554 lascaris
525 4461 809 4556 Grammatico
849 4495 917 4556 an.
966 4485 1089 4582 1512
1241 4457 1395 4585 Longe
1428 4457 1551 4550 aliter
1582 4458 1950 4553 sentiuntaucto-

289 4623 515 4716 expressa,
546 4591 630 4684 alia
661 4591 806 4706 dedit,
837 4591 939 4684 licet
964 4593 1090 4719 plura
1146 4624 1212 4683 res
1242 4589 1399 4716 reliqui
1432 4591 1510 4715 qui
1542 4609 1770 4710 utrumque
1809 4607 1949 4675 extre·

288 4719 561 4811 meditaretur
591 4753 640 4813 ac
674 4723 935 4846 promiserit,
957 4724 1090 4812 uitam
1146 4753 1260 4810 mum
1294 4717 1560 4845 devitantes,
1592 4712 1841 4804 Soncinates
1875 4744 1949 4802 su-

289 4845 452 4939 habens
482 4848 707 4941 conatibus
738 4851 825 4941 suis
846 4841 982 4940 multo
998 4848 1091 4940 bre·
1146 4849 1332 4972 spiciunt
1376 4874 1425 4938 ut
1466 4847 1625 4970 primos
1666 4841 1948 4932 hebraeorum

286 4977 469 5068 viorem.
514 4973 677 5070 Verum
720 4979 767 5067 in
798 4977 880 5068 hac
922 5010 968 5070 re
1000 5004 1092 5068 tur·
1145 4975 1475 5103 typographos,
1507 5005 1557 5063 ac
1589 4970 1821 5062 Soncinum
1845 4965 1946 5057 Me·-

289 5106 388 5228 pius
420 5103 563 5196 adhuc
602 5130 781 5230 peccant
813 5107 889 5228 qui
920 5104 1090 5196 laudem
1146 5102 1406 5197 diolanensis
1439 5101 1616 5193 ducatus
1657 5094 1948 5222 oppidulum,

286 5229 400 5324 hanc
425 5231 621 5325 tribuunt
651 5231 937 5358 Bombergio,
966 5238 1091 5324 omis·
1145 5257 1362 5360 tamquam
1389 5232 1626 5356 primariam
1651 5225 1948 5318 hebraicorum

289 5361 433 5482 sisque
470 5386 603 5488 arque
651 5363 857 5485 ignoratis
900 5385 966 5452 tot
999 5361 1091 5451 edi·
1144 5369 1350 5488 ‘typorum
1381 5357 1550 5470 sedern,
1580 5356 1656 5446 ubi
1688 5385 1798 5444 anno
1826 5348 1950 5466 1484

289 5485 482 5582 tionibus
513 5519 596 5582 sec.
638 5521 722 5599 xv,
756 5515 966 5630 tamquam
1000 5490 1091 5615 pri-
1145 5485 1352 5581 Mivchitr
1385 5483 1661 5612 appeninlm,
1679 5482 1860 5642 prirppm
1880 5509 1950 5568 eo·
