5146 7094
834 699 1460 824 Pausrsnrra

316 923 391 1029 ipse
421 921 513 1000 varia
542 945 629 1026 qnae
666 919 759 1028 apud
798 946 851 995 me
881 924 1117 1028 reperiuntur,

315 1034 544 1112 Brixieosiutn
591 1027 781 1110 bibliorum
825 1035 1034 1140 exemplaria
1075 1059 1115 1110 ac

312 1147 469 1234 nullum,
498 1172 541 1223 tte
569 1145 750 1224 minimum
779 1145 942 1251 quidem,
972 1147 1006 1222 iu
1033 1175 1114 1224 con·

313 1259 474 1340 troversis
515 1257 600 1335 locis
639 1259 844 1336 aMaschio
885 1257 1027 1368 prolatis
1055 1260 1114 1336 di-

312 1373 458 1450 scrimen
487 1373 740 1478 compererim,
776 1371 821 1447 de
849 1372 891 1450 iis
919 1373 1114 1450 vehemen-

311 1509 363 1562 ter
392 1483 552 1562 dnbitavi
573 1510 613 1560 ac
637 1487 845 1594 Tigurinum
874 1485 1031 1563 codicem
1060 1485 1113 1560 di·

312 1597 475 1706 ligentius
518 1599 643 1674 iterum
684 1599 952 1676 examinandum
1001 1598 1133 1674 duxi.·

312 1711 482 1788 Praestitit
511 1707 691 1787 autemid
721 1711 964 1788 humanissime
992 1736 1028 1788 ct
1057 1737 1112 1788 ac-

312 1824 523 1902 curatissime
552 1823 593 1900 cl.
631 1827 734 1912 Hess,
761 1823 1005 1932 philosophiae
1035 1849 1114 1932 pro·

313 1937 420 2014 sessor
470 1962 505 2012 et
543 1935 663 2044 colleg.
712 1963 832 2013 canon.
874 1938 1109 2046 praepositus,

313 2075 378 2126 nec
408 2075 475 2125 non
506 2042 738 2126 bibliothecae
769 2049 947 2126 Carolinae
980 2051 1113 2156 praefe-

314 2186 414 2253 ctus,
453 2187 531 2238 tneo
572 2163 712 2238 nomine
750 2162 841 2237 acl.
881 2161 1117 2253 Schuurreto‚

314 2275 516 2352 doctissimo
558 2274 754 2382 linguarum
792 2274 1010 2354 orientalium
1041 2302 1118 2382 pro·

314 2387 442 2465 sessore
468 2390 502 2463 in
531 2387 745 2495 Tubingensi
775 2385 948 2464 academia
979 2413 1013 2464 et
1034 2391 1118 2464 arni-

315 2526 358 2576 co
388 2526 466 2575 meo
494 2499 654 2609 singulari
686 2525 847 2609 togatus,
894 2501 1117 2577 uberrimam-

314 2639 383 2719 que
410 2611 539 2690 codicis
565 2613 834 2721 descriptionem
857 2612 899 2688 ad
931 2638 986 2689 tne
1009 2637 1116 2690 trans·

315 2725 406 2802 misit
435 2751 480 2802 ex
509 2753 576 2831 qua
612 2751 712 2802 certo
750 2725 884 2829 liquet,
928 2751 965 2804 ut
995 2727 1115 2802 monui

313 2843 383 2936 jam
415 2834 448 2914 in
479 2837 679 2946 Appendice
708 2839 751 2915 ad
771 2838 1020 2915 Bibliothecatu
1043 2845 1115 2914 Ma-

314 2952 489 3028 schianam
519 2979 553 3059 p.
585 2978 659 3052 30,
696 2974 819 3028 cuncta
848 2951 904 3027 illa
934 2951 1116 3028 diversita-

314 3067 356 3140 tis
386 3063 509 3142 indicia
551 3067 703 3140 Maschio
743 3063 826 3140 olim
861 3064 1113 3142 communicata

314 3177 397 3252 salsa
429 3203 567 3284 prorsus
591 3203 662 3253 esse
691 3203 730 3253 ac
759 3175 965 3284 Tigurinum
995 3203 1114 3252 exem-

314 3290 389 3398 plar
417 3316 490 3367 esse
517 3288 588 3367 sine
617 3290 727 3367 dnbio
748 3290 942 3366 Brixiense.
971 3295 1009 3364 Io
1028 3294 1114 3366 Pen-

313 3402 478 3480 tateucho
515 3402 714 3480 observatur
754 3403 901 3510 spatium
943 3428 1113 3492 uacuum,

314 3513 526 3621 reliquorum
566 3514 732 3592 librorum
773 3516 924 3621 primum
968 3517 1111 3592 verbum

248 3686 255 3692 -
314 3630 410 3734 typis
441 3627 673 3732 majusculis,
719 3651 756 3704 nt
786 3630 820 3702 in
849 3627 1000 3705 editione
1028 3631 1112 3704 Bri·-

314 3741 423 3818 xiensi
443 3741 479 3817 in
501 3741 661 3818 omnibus
689 3739 774 3815 meis
792 3741 983 3846 exemplis.
1012 3744 1114 3816 Uter·

312 3880 381 3960 que
413 3853 567 3930 Psalmus
596 3878 646 3930 xc
668 3877 702 3928 er
725 3875 788 3928 xct
818 3877 954 3929 notatur
985 3877 1046 3958 per
1074 3877 1113 3940 s,

313 3967 430 4047 Esaiae
460 3992 497 4042 tx
527 3963 631 4042 habet
658 3959 766 4042 nauch
794 3991 875 4042 curn
910 3991 1001 4040 mern
1032 3965 1115 4040 fiua-

314 4080 339 4156 li
379 4106 417 4155 ac
455 4077 594 4166 clauso,
632 4102 666 4154 et
709 4075 752 4152 ad
791 4075 922 4153 calcem
962 4077 1115 4154 Danielis

313 4213 411 4268 matu
441 4217 502 4298 per
541 4190 648 4280 beth,
679 4213 715 4266 ut
754 4189 865 4266 Biblia
904 4191 1115 4281 Brittiensia,

314 4305 433 4380 eadem
463 4303 593 4390 forma,
622 4301 715 4380 idem
744 4303 919 4380 character
947 4305 1019 4379 sive
1042 4329 1114 4380 ma·

313 4421 390 4520 jor,
420 4417 491 4492 sive
520 4416 652 4504 minor,
675 4414 780 4492 iidem
804 4415 916 4505 tituli,
937 4413 1016 4492 libri
1039 4443 1114 4492 om-

312 4555 394 4618 nes,
428 4529 592 4636 paginae,
629 4529 739 4606 lineae
768 4529 891 4606 eodetn
927 4527 1033 4605 modo
1063 4531 1113 4605 in·

312 4643 446 4750 cipiunt
475 4665 511 4718 et
538 4641 722 4731 desinunt,
754 4643 845 4718 idem
865 4642 1028 4718 linearum
1049 4668 1113 4719 ntr-

311 4781 448 4844 merus,
487 4752 580 4830 idem
618 4755 779 4832 foliorum
820 4755 1005 4856 cujuslibet
1034 4754 1113 4832 libri

311 4893 347 4944 et
378 4869 483 4944 totius
511 4870 645 4975 operis,
677 4870 797 4943 eadem
828 4867 955 4974 ubique
984 4869 1115 4975 spatia,

313 4981 419 5059 iidem
448 4981 632 5074 custodes,
669 4982 789 5058 eadem
820 4981 854 5056 in
895 4980 1027 5088 plenis,
1054 4979 1115 5057 de-

312 5093 469 5182 fectivis,
497 5119 535 5170 ac
563 5095 797 5172 minutissimis
825 5094 1020 5200 quibusque
1049 5119 1113 5168 re-

312 5207 378 5282 bus
406 5207 534 5298 lectio,
564 5207 679 5283 omnia
711 5234 781 5284 uno
798 5207 907 5284 uerbo
927 5207 1014 5284 adeo
1037 5232 1114 5312 pcr-

313 5320 400 5394 fecte
430 5343 465 5394 et
492 5317 698 5398 adamussim
728 5321 960 5407 conveniunt,
990 5343 1027 5395 ut
1052 5319 1114 5394 du·

314 5425 494 5506 bitandurn
524 5436 593 5534 jarn
623 5460 692 5508 noo
722 5429 786 5525 sit,
813 5437 896 5538 quin
927 5431 984 5507 ille
1014 5432 1114 5507 Pelli-

314 5547 388 5621 cani
432 5543 545 5618 codex
588 5548 631 5621 sit
673 5545 875 5623 corumdem
920 5545 1111 5622 Bibliorum

1899 755 1971 851 169

1171 922 1370 1032 exemplar,
1398 923 1458 1000 scd
1488 949 1663 1031 postremo
1691 925 1799 1014 folio,
1830 923 1889 1002 ubi
1918 953 1972 1002 so-

1171 1038 1204 1114 la
1232 1040 1374 1116 seorsim
1405 1038 1568 1144 impressa
1600 1038 1809 1146 conspicitur
1837 1037 1974 1146 epigra-

1172 1151 1262 1258 phe,
1292 1149 1471 1225 mntilum.
1500 1155 1719 1259 Comparatio
1742 1152 1813 1258 ipsa
1834 1177 1874 1227 ac
1890 1178 1975 1228 con·

1170 1287 1287 1339 sensus
1316 1265 1487 1338 variarum
1509 1262 1699 1342 lectionum
1722 1264 1971 1342 Kennicottnm

1170 1376 1204 1452 in
1236 1399 1348 1450 meam
1387 1376 1589 1482 opinionem
1620 1379 1809 1484 pertraxit,
1847 1378 1973 1453 convi-

1169 1487 1285 1592 citque
1322 1487 1531 1596 Tigurinum
1568 1491 1726 1566 codicem
1760 1515 1819 1566 seu
1850 1490 1973 1565 Pisau-

1169 1626 1301 1676 rensem
1330 1602 1481 1679 eundem
1511 1626 1581 1678 esse
1602 1631 1681 1679 curn
1702 1603 1889 1690 Brixiensi,
1909 1627 1970 1680 scu

1168 1712 1248 1789 cod.
1275 1716 1350 1813 396
1381 1742 1460 1792 suae
1497 1714 1692 1791 collationis
1720 1714 1869 1792 eundem
1888 1741 1970 1790 cunt

1175 1829 1278 1926 264.
1309 1831 1350 1902 V.
1380 1831 1453 1930 ejus
1483 1829 1568 1902 Diss.
1598 1854 1672 1936 gen.
1693 1853 1727 1932 p.
1766 1855 1855 1904 too.
1881 1831 1972 1903 Con·

1172 1939 1282 2015 victus
1309 1942 1378 2040 jam
1402 1965 1436 2016 et
1456 1938 1630 2016 Maschius
1659 1940 1754 2046 ipse,
1779 1941 1811 2014 in
1832 1965 1971 2045 postre-

1173 2077 1233 2128 mo
1264 2052 1332 2128 vol.
1360 2078 1481 2157 postea
1512 2053 1608 2128 edito
1632 2078 1686 2128 an.
1723 2079 1824 2150 1790
1848 2080 1887 2126 ac
1909 2079 1972 2126 nu·

1175 2191 1236 2268 per
1265 2191 1284 2238 a
1316 2189 1371 2240 me
1402 2187 1545 2271 accepto
1576 2191 1648 2270 p.7
1671 2165 1860 2242 editionem
1880 2164 1970 2242 hanc

1174 2304 1254 2352 cum
1298 2276 1386 2351 binis
1415 2278 1701 2386 praecedentibus
1741 2280 1829 2355 inter
1869 2277 1970 2355 falsas

1175 2415 1366 2466 recensuit.

1500 2565 1648 2636 XLVI

1256 2734 1304 2804 tt.
1335 2725 1448 2802 Isarci
1466 2735 1539 2827 fitia
1567 2735 1687 2806 Jacobt'
1715 2733 1859 2824 Alphesi
1888 2757 1972 2826 opus

1172 2842 1315 2935 Alphesi
1340 2847 1465 2914 dictum
1480 2893 1491 2927 ,
1521 2869 1580 2917 seu
1609 2847 1867 2917 tolrnttdr‘carunt
1896 2869 1973 2916 eou-

1171 2963 1384 3030 stitutionem
1415 2959 1655 3050 compendium
1695 2981 1769 3027 caut
1807 2964 1972 3030 variorum

1171 3070 1510 3142 animaduersionibus
1523 3119 1534 3153 ,
1564 3077 1598 3140 r'rt
1622 3071 1690 3165 fol.
1724 3092 1742 3166 3
1775 3073 1853 3142 noll.
1873 3074 1973 3145 CPo-

1169 3183 1197 3252 ἱι·
1223 3207 1309 3252 auno
1339 3197 1475 3264 cetra,
1506 3185 1579 3255 clu.
1612 3199 1857 3262 raccccrrcrt‘.

1255 3287 1407 3368 Wolfius
1437 3314 1521 3366 torn.
1559 3296 1574 3364 l
1605 3317 1638 3398 p.
1669 3293 1775 3381 661,
1802 3315 1836 3368 et
1865 3316 1907 3367 trt
1938 3318 1973 3397 p.

1171 3407 1339 3500 570.1n
1370 3403 1447 3480 fuso
1476 3427 1634 3509 poemate
1665 3401 1808 3480 Davidis
1831 3404 1893 3480 filii
1915 3409 1972 3483 Jo·

1168 3514 1269 3622 sephi
1298 3513 1364 3592 ben
1394 3513 1548 3604 Jaclriae,
1576 3515 1670 3622 quod
1699 3539 1795 3592 extat
1825 3517 1868 3594 ad
1897 3513 1972 3592 eal-

1169 3652 1246 3702 cem
1276 3652 1316 3704 111
1359 3629 1565 3716 voluminis,
1602 3628 1730 3704 dicitur
1770 3628 1970 3704 absolutum

1168 3765 1258 3846 opus
1286 3742 1320 3815 in
1361 3766 1484 3851 magua
1511 3741 1615 3818 CPoli
1645 3741 1748 3820 noha
1775 3763 1846 3819 nato
1886 3770 1971 3816 anuo

1173 3856 1301 3950 5269,
1333 3853 1414 3930 Chr.
1450 3879 1575 3953 ¹509·
1617 3854 1685 3932 Sed
1730 3855 1873 3931 Wolfius
1901 3879 1971 3930 ae-

1170 3989 1241 4039 tam
1272 3964 1360 4041 hauc
1389 3992 1589 4073 percurrens
1630 3968 1664 4041 in
1697 3965 1971 4074 Oppenheinteri

1171 4077 1362 4184 exemplati
1402 4079 1541 4155 samech
1571 4103 1638 4184 pro
1666 4104 1757 4154 meru
1797 4102 1831 4154 et
1859 4083 1971 4184 quin-

1170 4216 1238 4294 que
1267 4189 1455 4267 millenaria
1495 4217 1559 4297 pro
1586 4189 1741 4295 quinque
1783 4191 1971 4266 unitatibus

1170 4303 1326 4409 accepit,
1353 4301 1505 4412 legitque
1532 4303 1587 4380 vel
1615 4301 1728 4378 effecit
1756 4327 1885 4378 annum
1909 4305 1972 4379 mi·

1170 4417 1261 4492 noris
1290 4417 1543 4522 suppurationis
1575 4441 1677 4512 254,
1715 4413 1799 4491 Chr.
1845 4440 1971 4513 1494·

1168 4533 1327 4604 Errotent
1370 4554 1415 4606 ex
1444 4526 1535 4604 binis
1574 4527 1649 4606 aliis
1687 4525 1973 4633 praecedentibus

1170 4641 1391 4748 epigraphis,
1432 4641 1460 4718 si
1500 4667 1557 4718 eas
1598 4639 1891 4718 animadvertisset
1933 4667 1973 4718 ac

1170 4755 1423 4845 consuluisset,
1474 4753 1572 4832 facile
1619 4755 1790 4861 corrigere
1835 4777 1971 4859 poterat

1172 4867 1338 4957 Wollius,
1366 4871 1399 4944 in
1429 4866 1557 4974 quibus
1593 4866 1645 4944 bis
1675 4891 1784 4943 annus
1812 4867 1973 4944 editionis

1171 5007 1232 5086 per
1262 4981 1470 5059 vocabulum
1511 4979 1662 5058 esm'am
1701 4979 1843 5059 minoris
1876 4971 1972 5084 'sup-

1170 5094 1358 5200 putationis
1386 5120 1427 5170 vr
1456 5092 1658 5183 millenarii,
1686 5117 1745 5168 scu
1779 5093 1884 5188 269,
1913 5091 1973 5166 in-

1170 5207 1309 5282 nuitur.
1356 5211 1408 5282 Ex
1446 5205 1573 5301 Wolfio
1616 5204 1705 5280 hanc
1751 5203 1970 5293 editionem,

1169 5345 1275 5424 qnam
1317 5341 1401 5394 tnnc
1442 5343 1511 5394 non
1552 5315 1730 5403 viderant,
1759 5315 1889 5421 protuli
1919 5321 1972 5393 De

1169 5431 1266 5506 hebr.
1293 5455 1370 5536 typ.
1397 5429 1482 5540 orig.
1503 5457 1534 5538 p.
1556 5455 1625 5526 54,
1653 5455 1699 5506 ex
1729 5453 1874 5534 utroque
1902 5433 1971 5503 De-

1173 5543 1278 5622 nisius
1306 5543 1426 5652 Suppl.
1456 5572 1489 5652 p.
1524 5569 1596 5644 371
1632 5567 1665 5620 et
1694 5547 1825 5618 Panzer
1855 5547 1973 5619 tomi

1708 5705 1744 5746 22
