5146 7094
768 665 1459 768 eanssacouor
1855 711 1927 786 rw

628 928 755 1000 XXV
1143 865 1343 944 distinctus.
1388 864 1530 940 Wallius
1569 865 1681 942 solum
1727 863 1941 972 Psalterium

824 1053 830 1092 ς
1143 980 1297 1084 excipit,
1322 979 1377 1052 cui
1407 978 1439 1054 le
1467 978 1617 1087 Longius
1653 980 1687 1054 iu
1718 977 1781 1054 hac
1809 1003 1845 1054 re
1874 1005 1930 1054 ac·

382 1099 502 1172 Bidlr'a
539 1103 676 1193 antiqua
703 1121 779 1168 cum
802 1104 937 1190 punctis
965 1115 998 1164 et
1024 1121 1113 1166 ac-·
1141 1094 1288 1168 ctttatiot
1330 1091 1514 1168 Proverbia
1563 1117 1603 1166 ac
1643 1093 1767 1173 Iobutn
1809 1090 1929 1167 addit.

297 1213 469 1298 tentibus,
497 1217 531 1282 t'n
555 1211 622 1304 sol.
650 1213 773 1306 absque
799 1213 872 1282 loco
911 1230 943 1281 et
972 1233 1084 1294 anuo,
1142 1204 1250 1280 Addit
1278 1227 1312 1279 et
1355 1230 1527 1310 postrema
1555 1204 1627 1280 duo
1656 1205 1840 1280 voluminis
1868 1203 1930 1280 fo-

293 1317 353 1393 'sed
378 1327 526 1416 Neapoli
551 1331 638 1395 eirca
665 1351 718 1396 an.
745 1339 953 1396 mccccxm.
1142 1317 1206 1404 lia,
1235 1317 1331 1424 quod
1360 1316 1388 1393 si
1429 1318 1472 1394 de
1504 1317 1660 1394 universa
1690 1318 1839 1395 editione
1868 1345 1931 1393 stt·

379 1438 500 1530 Quum
543 1431 835 1538 splendidissimae
879 1431 1087 1508 rarissimae·
1142 1457 1276 1518 matut,
1303 1429 1517 1507 falsissimum
1557 1455 1631 1520 est,
1668 1433 1695 1507 si
1722 1429 1768 1506 de
1806 1429 1930 1506 mutilo

297 1567 367 1648 que
397 1545 498 1646 hujus
528 1545 766 1622 hebraicorum
796 1545 985 1624 Bibliorum
1015 1542 1086 1620 edi·
1141 1571 1212 1650 quo
1249 1543 1411 1620 urebatur
1451 1544 1636 1650 exemplo,
1675 1546 1771 1650 quod
1813 1545 1931 1619 verisi-

296 1658 397 1732 tionis
424 1660 622 1765 exemplar,
649 1684 828 1763 postremo
862 1656 1086 1736 Pentatenehi
1143 1657 1255 1734 milius
1282 1655 1366 1732 folio
1395 1685 1476 1754 4²4
1503 1657 1771 1744 absolvebatur,
1800 1657 1931 1734 verissi-

294 1772 519 1872 quaternione
560 1771 745 1862 mutilum,
784 1771 918 1878 Parisiis
947 1771 1087 1848 vidisset
1142 1797 1260 1846 mum.
1288 1775 1406 1874 ltaque
1434 1771 1564 1877 integra
1593 1770 1680 1846 linea
1711 1772 1769 1846 vel
1796 1772 1931 1846 colum·

294 1881 326 1956 le
355 1885 507 1992 Longius
537 1885 571 1960 in
601 1911 740 1961 musaeo
764 1883 894 1962 domiui
923 1885 1087 1972 Roissier,
1143 1909 1185 1959 na
1225 1883 1410 1960 exhibetur
1450 1886 1559 1988 prima
1601 1888 1775 1960 Geneseos
1804 1907 1845 1958 ac
1873 1890 1933 1963 lo-

293 2019 338 2070 ert
368 1997 463 2073 libris
492 1998 651 2102 Dionysii
680 1997 781 2074 Nolin
810 1996 1004 2075 Parisiensis
1031 2005 1088 2079 Ju·
1142 2023 1224 2072 suae
1252 1999 1396 2104 pagina,
1426 1997 1607 2073 Canticum
1638 1997 1743 2100 Mosis
1770 1995 1832 2070 fol.
1862 2021 1930 2094 37,

294 2109 487 2184 risconsulti
514 2111 628 2216 pretio
666 2109 908 2216 redemptum,
938 2111 1088 2216 potiores
1143 2111 1324 2186 Canticum
1362 2108 1548 2197 Deborae,
1598 2135 1767 2214 postrema
1810 2109 1933 2216 pagina

296 2223 370 2323 ejus
399 2247 497 2298 notas
524 2222 701 2330 descripsit
731 2225 765 2300 in
794 2222 1006 2300 Bibliotheca
1035 2248 1087 2298 sa-
1141 2221 1220 2297 libri
1259 2220 1442 2312 Judicum,
1472 2245 1540 2298 tres
1581 2221 1615 2296 in
1645 2223 1740 2299 libris
1768 2221 1941 2298 Samuelis.

294 2359 351 2408 cra
379 2358 465 2409 tom.
493 2339 508 2410 1
540 2363 573 2444 p.
603 2338 679 2426 62,
709 2336 854 2436 nonsita
884 2362 996 2412 tamen
1027 2363 1087 2413 ac·
1142 2335 1202 2410 fol.
1239 2337 1336 2436 183,
1364 2334 1544 2410 Canticum
1574 2337 1716 2411 Dauidis
1745 2334 1805 2410 fol.
1842 2336 1933 2431 187,

295 2470 413 2522 curate
442 2468 480 2523 ut
520 2448 553 2520 in
584 2447 757 2524 nonnullis
796 2475 863 2524 non
899 2449 1001 2524 fuerit
1031 2475 1087 2524 te·
1145 2448 1266 2554 integri
1296 2446 1533 2538 Psalmornm,
1562 2449 1851 2536 Prorerbiorum,
1879 2454 1935 2528 lo·

295 2557 484 2662 prehensus
512 2559 556 2635 ab
592 2565 790 2636 Hermanno
827 2589 891 2636 van
921 2561 966 2636 de
996 2561 1086 2638 Wall
1145 2561 1312 2648 bilibri,
1359 2559 1420 2636 tria
1450 2561 1600 2666 denique
1643 2561 1746 2648 folia,
1785 2585 1863 2661 423
1895 2587 1935 2635 ac

295 2672 355 2776 qui
385 2673 559 2780 integrum
598 2672 690 2748 aliud
719 2672 836 2756 Iudaei
867 2675 1087 2752 Atnsteloda-
1142 2673 1215 2750 duo
1242 2675 1416 2778 sequentia
1444 2675 1744 2782 Paralipomenon.

294 2786 420 2860 mensis
450 2785 820 2862 habebatoboculos.
848 2792 891 2863 V.
912 2791 986 2890 ejus
1006 2789 1087 2894 Epi·
1227 2787 1339 2862 Prima
1371 2813 1472 2892 porto
1509 2787 1565 2863 illa
1593 2791 1766 2864 Geneseos
1806 2809 1846 2860 ac
1874 2792 1935 2868 Jo-

297 2895 420 2972 stolam
451 2899 543 3004 apud
584 2898 686 2975 Wolf.
728 2922 811 2975 tom.
853 2925 889 2976 rt
920 2927 953 3007 p.
989 2926 1085 2998 109.
1140 2927 1218 2978 suae
1250 2902 1374 3006 pagina
1403 2901 1518 3005 ligneo
1546 2898 1698 3006 quodam
1728 2921 1852 2974 ornatu
1882 2921 1934 2974 est

293 3015 363 3084 Nos
392 3037 436 3086 ert
474 3012 676 3102 chartaceo,
700 3012 893 3100 ‚luculento
928 3039 970 3088 eo
998 3013 1084 3118 qui·
1140 3014 1390 3124 condecorata,
1417 3013 1559 3091 floribus
1587 3039 1626 3090 ac
1655 3016 1752 3090 settis
1779 3034 1934 3086 comert-

293 3121 394 3208 dem,
431 3123 490 3198 sed
532 3126 566 3198 itt
607 3125 813 3231 quibusdam
855 3126 945 3203 foliis
980 3152 1083 3202 runnu
1140 3121 1198 3214 td,
1226 3129 1285 3232 qui
1316 3129 1349 3202 in
1391 3129 1556 3234 superiori
1597 3151 1692 3232 parte
1738 3125 1932 3202 venaticum

294 3234 477 3342 suppleto,
514 3237 609 3341 quod
642 3239 674 3312 in
707 3265 825 3314 manus
856 3265 984 3315 nostras
1011 3237 1083 3313 de-
1140 3267 1261 3316 canem
1301 3265 1529 3348 repraesentat
1568 3265 1634 3316 tres
1672 3238 1805 3345 lepores
1833 3237 1934 3313 inse-

295 3372 449 3436 senerat,
488 3349 599 3425 multo
638 3350 801 3426 fusiorem
831 3377 865 3428 et
893 3351 1086 3428 accuratio-
1142 3377 1289 3430 ctantem
1320 3379 1423 3459 atque
1463 3353 1624 3460 angelum
1653 3352 1715 3458 qui
1749 3351 1934 3427 buccinam

292 3485 366 3536 rem
397 3459 501 3566 hujus
538 3461 664 3540 cimelii
692 3465 850 3540 notitiam
887 3462 1084 3570 suppedita·
1141 3466 1286 3575 clangit.
1328 3464 1382 3542 Ad
1420 3465 1602 3542 deuterum
1642 3465 1731 3540 latus
1771 3489 1862 3570 paro
1899 3487 1934 3538 se

294 3575 407 3649 trimus
447 3579 478 3650 in
524 3577 769 3680 Disqnisitione
811 3578 855 3653 de
905 3577 1083 3652 hebraicae
1138 3605 1176 3658 se
1212 3607 1294 3656 cum
1337 3578 1423 3668 fastu
1462 3579 1602 3658 efferens
1641 3603 1741 3684 supra
1779 3577 1933 3682 leporem

295 3687 546 3792 typographiae
574 3687 707 3795 origine
737 3715 771 3794 p.
801 3693 874 3774 60,
902 3715 1004 3794 quam
1028 3689 1083 3763 hic
1140 3715 1225 3768 stat.
1264 3693 1385 3769 Paullo
1414 3691 1499 3771 infra
1542 3692 1627 3768 alter
1668 3689 1809 3797 angelus
1842 3715 1934 3795 equo

295 3803 480 3903 repetimus
521 3801 618 3874 novis
658 3801 955 3878 observationibus
983 3801 1084 3876 locu·
1142 3804 1288 3893 insidet,
1331 3807 1365 3880 in
1406 3806 1474 3883 ima
1514 3829 1599 3882 tero
1642 3828 1736 3908 parte
1782 3828 1932 3878 vacuum

203 4002 206 4010 ,
294 3911 457 4018 pletatam
487 3934 521 3986 et
550 3937 706 3999 auctam,
742 3937 917 4018 assumpto
945 3919 1012 4017 jam
1041 3911 1085 3986 ad
1141 3942 1285 3993 stetnma
1315 3918 1348 3995 in
1379 3918 1494 3994 medio
1523 3915 1935 4022 reperitur,atqnehinc

296 4051 376 4099 usus
415 4049 547 4098 nostros
589 4025 836 4132 integerrimo,
881 4025 1084 4102 nitidissimo
1141 4028 1233 4105 canis
1273 4055 1412 4107 ceruum
1451 4055 1618 4114 venatur,
1656 4028 1750 4104 illiue
1792 4029 1934 4134 augelus

294 4163 332 4212 ac
363 4159 441 4212 uere
471 4137 715 4242 pretiosissimo
752 4137 939 4244 exemplati
971 4163 1086 4214 mem·
1142 4143 1368 4250 conspicitur,
1397 4169 1465 4218 nort
1495 4141 1677 4228 cornicen,
1705 4165 1773 4214 nott
1802 4165 1933 4216 cornua

299 4253 467 4326 branaceo
496 4249 588 4355 quod
621 4251 721 4326 rebus
750 4253 874 4328 uostris
896 4274 1013 4358 postea
1036 4249 1085 4325 le·
1142 4282 1287 4340 sonans,
1315 4282 1383 4332 non
1412 4279 1530 4362 equ0,
1559 4277 1597 4330 ut
1624 4251 1672 4327 ait
1701 4251 1733 4327 le
1762 4252 1935 4360 Longius,

293 4362 404 4437 liciter
432 4361 586 4438 accessit.
615 4363 739 4468 Incipit
767 4364 852 4440 folio
881 4391 1015 4440 uersos
1037 4388 1086 4439 ta·
1142 4369 1203 4446 sed
1232 4369 1326 4446 alteri
1365 4395 1469 4445 cervo
1499 4366 1646 4442 insidens
1681 4369 1822 4471 ejusque
1852 4391 1935 4440 cot-

294 4475 375 4550 bttla
406 4474 602 4582 Aphtarbth
642 4475 827 4564 rabbinicis
862 4503 996 4554 exarata
1025 4477 1086 4551 lit·
1142 4509 1210 4559 uua
1251 4483 1409 4558 manibus
1449 4480 1633 4587 arripiens.
1682 4479 1771 4553 Illud
1817 4501 1933 4554 autem

294 4589 375 4662 teris
403 4614 438 4664 et
467 4594 562 4692 juxta
590 4588 742 4665 italicum
772 4591 877 4666 ritum
907 4590 1087 4697 disposita,
1141 4596 1433 4672 animadversione
1460 4594 1606 4703 dignum
1635 4590 1808 4697 estquod
1838 4591 1936 4699 ipsis·

293 4726 405 4806 quae,
433 4727 512 4776 cum
543 4702 863 4809 nemohucusque
902 4708 976 4805 ejus
1010 4729 1087 4778 me·
1142 4709 1267 4786 simum
1311 4708 1379 4787 hoc
1423 4731 1663 4783 ornamentum
1694 4705 1759 4781 sub
1799 4705 1935 4781 initium

293 4815 455 4905 mineris,
494 4813 631 4888 videtur
671 4815 705 4888 in
749 4817 888 4922 reliquis
924 4815 1086 4891 omnibus
1143 4823 1245 4898 etiam
1268 4847 1361 4898 err-tat
1384 4817 1805 4918 CPolitaniPentateuchi
1827 4844 1934 4922 quem

271 4927 550 5033 ,exemplaribus
579 4928 807 5004 intercidisse.
846 4931 1007 5035 Sequitur
1035 4928 1088 5003 fo-
1145 4933 1326 5040 possiden,
1369 4960 1459 5010 anno
1505 4959 1606 5031 ¹522
1649 4959 1729 5008 cum
1758 4930 1935 5008 chaldaica

294 5039 340 5114 lio
370 5040 522 5146 sequenti
561 5065 652 5114 sacer
682 5065 799 5118 textus
841 5042 961 5119 litteris
988 5066 1089 5148 qua·-
1144 5047 1341 5154 Pataphrasi
1385 5073 1425 5124 ac
1476 5046 1667 5153 praecipuis
1711 5037 1935 5120 rabbinorum

292 5153 397 5228 dratis
441 5151 624 5259 hispanicis
663 5179 713 5230 sat
754 5155 965 5262 elegantibus
1006 5180 1085 5230 curu
1146 5159 1405 5236 Commentariis
1445 5162 1478 5236 itt
1520 5158 1674 5234 maximo
1712 5155 1794 5230 folio
1831 5156 1937 5248 editi,

296 5267 432 5370 punctis
461 5291 495 5342 et
539 5267 760 5359 accentibus,
798 5271 908 5376 prima
947 5268 1086 5375 quidem
1145 5274 1207 5349 nisi
1236 5271 1330 5377 quotl
1370 5273 1569 5379 longousu
1611 5267 1872 5344 detritissimum
1900 5270 1934 5346 in

295 5379 417 5482 pagina
467 5381 598 5484 integra
644 5381 732 5458 linea
772 5407 981 5487 expressus,
1024 5379 1085 5459 sed
1146 5383 1214 5460 hoc
1257 5385 1492 5462 Pentateucho
1534 5404 1700 5488 apparet.
1743 5382 1809 5457 Hic
1844 5379 1935 5460 idem

294 5489 457 5597 deinceps
496 5491 631 5570 duabus
670 5495 874 5600 plerumque
917 5495 1088 5576 coluriinis
1146 5519 1286 5574 ornatus
1314 5499 1438 5574 iterum
1463 5497 1674 5603 conspicitur
1695 5491 1728 5568 in
1749 5493 1862 5570 fronte
1882 5522 1938 5572 ce·
