5222 7090
844 691 1413 770 Pansaarma
1902 724 1954 796 ῃ

309 865 490 955 ternione,
517 863 578 944 sed
621 867 730 974 prima
759 863 957 954 omittitur,
985 890 1107 944 norne-
1161 864 1217 944 die
1255 893 1313 946 xx
1352 869 1476 946 mensis
1517 867 1601 948 ellul
1637 895 1728 948 anno
1766 868 1955 977 quinquies

308 985 460 1087 ratisque
500 977 615 1068 foliis,
642 1005 730 1084 quae
758 980 965 1088 signaturam
995 999 1016 1059 :r
1044 1005 1103 1056 seu
1161 979 1343 1058 millesimo
1397 981 1634 1061 ducentesimo
1686 984 1956 1094 quadragesimo

310 1093 495 1172 secundam
526 1092 760 1200 praecedunt,
797 1118 931 1200 septem
969 1118 1102 1170 rantum
1159 1119 1259 1170 sexto
1287 1121 1307 1170 a
1335 1097 1509 1172 creatione
1548 1095 1692 1186 mundi,
1728 1097 1788 1203 qui
1821 1123 1872 1174 est
1902 1101 1972 1173 in·⁴

311 1209 345 1284 in
376 1233 456 1282 meo
484 1207 677 1314 exemplari
700 1208 941 1312 reperiuntur·
970 1212 1104 1305 Quam·
1161 1228 1255 1312 teger
1281 1233 1389 1285 annus
1417 1210 1452 1282 in
1483 1210 1733 1316 progrediendo
1762 1235 1866 1315 opere
1891 1235 1956 1286 no·

245 1355 246 1360 ¹
310 1320 432 1396 obrem
463 1318 707 1425 praefationem
747 1318 840 1420 illam
869 1319 972 1396 deber
1009 1343 1104 1394 certo
1161 1344 1255 1408 stro,
1284 1325 1383 1421 cujus
1421 1320 1615 1399 aedificium
1653 1321 1956 1401 vehementissime

310 1431 515 1540 praecedere
555 1432 678 1511 folinrn
707 1432 849 1522 album,
885 1435 1106 1540 primumque
1163 1438 1425 1538 promovimus.
1454 1435 1677 1512 benedicatur
1705 1461 1739 1513 et
1767 1437 1956 1513 extollatur

314 1547 498 1634 volumen,
530 1572 573 1622 eo
601 1570 829 1654 computato,
866 1571 1020 1623 constare
1049 1544 1108 1622 fo·
1161 1570 1294 1623 creator
1330 1546 1535 1636 creationis,
1572 1573 1631 1625 seu
1663 1574 1777 1626 return
1814 1549 1859 1625 ab
1889 1551 1955 1626 ini·

311 1658 365 1736 liis
418 1660 513 1748 166,
553 1659 684 1769 integra
725 1685 809 1736 tero
849 1660 958 1736 editio
1004 1684 1106 1760 320.
1164 1659 1212 1734 'rio
1241 1683 1456 1749 creatarum,
1493 1662 1553 1766 qui
1581 1659 1713 1764 adjuvit
1742 1688 1804 1738 nos
1835 1686 1873 1738 ut
1904 1662 1957 1736 in-

312 1771 490 1848 Dictiones
529 1799 618 1877 quae
658 1773 825 1850 sectiones
862 1771 1031 1880 quaslibet
1070 1795 1108 1846 et
1162 1772 1356 1878 ciperemus
1395 1797 1429 1850 et
1459 1773 1720 1879 perficeremus,
1747 1801 1851 1882 supet
1880 1799 1957 1850 om-

314 1887 426 1990 capita
468 1883 660 1973 inchoant,
696 1887 887 1989 *majoribus
930 1883 1106 1992 quadratis

316 1999 412 2106 typis
449 1996 631 2104 hispanicis
671 2025 849 2107 expressae
891 2022 994 2085 sunt,
1032 2023 1107 2073 nta-

310 2110 451 2213 jnsculis
472 2137 510 2186 ac
534 2112 655 2220 ligneis
684 2112 856 2222 eleganter
886 2113 1013 2190 ornatis
1034 2137 1107 2186 ma·

310 2228 401 2326 jores
425 2224 609 2304 'sectiones
637 2253 694 2302 seu
725 2251 844 2303 earum
876 2225 994 2312 tituli,
1021 2251 1106 2329 qua·

312 2335 410 2413 drato
452 2339 575 2414 minori
612 2339 806 2416 charactere
846 2367 926 2416 cum
969 2337 1106 2443 punctis

312 2473 433 2558 preces
460 2475 604 2537 omnes,
636 2475 813 2558 poemata,
844 2453 1032 2528 bibliorum
1055 2476 1108 2526 se·

313 2562 446 2637 ctiones
475 2587 514 2638 ac
553 2561 652 2650 libri,
680 2591 720 2638 ac
748 2564 906 2669 Capitula
947 2587 1107 2669 patrum,

314 2672 495 2750 rabbinico
526 2701 609 2751 vero
639 2675 889 2782 praefationes,
918 2674 1029 2765 tituli,
1051 2703 1108 2751 ru·

239 2817 243 2823 ·
314 2786 453 2873 bricae,
493 2788 711 2864 Maimonidis
751 2790 1030 2866 Commentarius
1072 2813 1109 2866 et

313 2899 582 2977 Constiiuriones
611 2900 769 2978 rituales.

401 3013 452 3088 Ad
485 3014 614 3090 calcem
655 3013 788 3121 prolixa
818 3038 914 3092 errtat
943 3039 1110 3122 typogra-

315 3125 377 3232 phi
406 3126 621 3236 epigraphe,
662 3153 730 3232 qua
760 3126 873 3205 elevat
899 3154 951 3228 „se
979 3128 1023 3204 ad
1051 3154 1110 3204 ce·

1162 1911 1242 1961 nem
1274 1885 1549 1994 benedictionem
1579 1911 1614 1964 et
1642 1885 1806 1964 laudem.
1844 1892 1958 1964 Amen
2038 1931 2041 1938 ·

1163 1998 1231 2074 sela
1261 2051 1304 2089 „.
1338 2002 1464 2076 Mensis
1505 1999 1601 2088 tisri,
1641 2027 1711 2106 quo
1753 2025 1876 2106 coepta
1905 2023 1959 2076 est

1164 2112 1297 2202 editio,
1324 2111 1506 2218 respondet
1536 2112 1721 2218 septembri
1752 2139 1868 2189 nostro
1898 2139 1960 2188 an·

1162 2226 1199 2299 tii
1238 2229 1368 2322 1485,
1407 2225 1481 2300 dies
1525 2251 1607 2302 tero
1637 2251 1693 2302 xx
1736 2225 1844 2317 ellal,
1885 2251 1959 2332 qno

1164 2337 1350 2428 absoluta,
1386 2336 1477 2413 cadit
1517 2339 1551 2412 in
1580 2339 1683 2414 finem
1713 2341 1873 2446 augusti,
1902 2337 1959 2415 vel

1164 2451 1301 2526 initium
1331 2449 1535 2558 septembris
1563 2478 1622 2528 an.
1655 2454 1784 2548 1486,
1805 2452 1958 2559 integro,

1166 2587 1203 2640 ut
1232 2588 1351 2640 notant
1394 2565 1614 2653 Soncinates,
1656 2590 1746 2641 anno
1789 2565 1957 2641 evoluto.

1164 2681 1246 2752 Earn
1278 2703 1379 2784 porro
1408 2677 1605 2782 primariam
1636 2702 1708 2765 esse
1741 2677 1845 2780 hujus
1874 2703 1958 2783 ope-

1164 2788 1211 2865 ris
1241 2791 1302 2865 vix
1330 2787 1590 2900 dubitandum.³
1618 2788 1719 2866 Nulla
1747 2794 1840 2864 enim
1871 2789 1957 2866 huc·

1168 2929 1277 3007 usque
1317 2901 1453 2978 detecta
1494 2925 1545 2977 est
1574 2903 1767 3008 antiquior,
1796 2929 1836 2978 ac
1866 2907 1959 2978 Son-

1166 3016 1318 3092 cinatum
1347 3014 1411 3090 alia
1438 3015 1511 3090 sine
1547 3040 1636 3089 anno
1666 3040 1698 3089 et
1737 3014 1838 3106 loco,
1868 3039 1957 3119 quae

1165 3129 1237 3206 sola
1266 3154 1346 3204 cum
1378 3124 1443 3203 hac
1483 3152 1597 3203 nostra
1635 3127 1679 3202 de
1709 3129 1859 3233 primatu
1890 3153 1969 3233 po--
2058 3159 2060 3162 ·

317 3237 541 3316 lebrationem
583 3243 726 3316 Domini
770 3243 928 3317 omnium
969 3267 1110 3331 rerum,
1166 3263 1232 3317 test
1270 3239 1501 3327 contendere,
1536 3265 1578 3316 ea
1617 3240 1733 3348 multis
1775 3267 1837 3316 nec
1876 3267 1960 3316 con·

314 3350 376 3456 qui
404 3353 499 3430 dedit
528 3354 559 3429 ei
588 3356 755 3431 virtutem‘
791 3353 988 3462 perficiendi
1018 3363 1121 3460 opus'
1166 3353 1381 3439 temnendis,
1410 3377 1448 3429 ut
1478 3352 1521 3430 ad
1552 3378 1630 3429 eam
1660 3350 1876 3436 videbimus,
1906 3379 1960 3430 ar·

315 3464 408 3542 istud
438 3467 684 3545 sanctissimum
713 3466 902 3544 secundum
925 3469 1027 3545 ritum
1051 3493 1109 3574 sy*
1165 3467 1338 3574 gumentis
1360 3466 1459 3542 nobis
1480 3465 1617 3543 videtur
1639 3489 1749 3542 aetate
1779 3465 1965 3574 posterior.

315 3601 468 3687 nagogae
506 3606 640 3657 sauctae
688 3584 890 3669 Romanae,
933 3607 1109 3658 commen·
1164 3587 1233 3658 Sua
1267 3605 1318 3658 est
1347 3604 1381 3655 et
1420 3580 1455 3655 in
1486 3606 1521 3656 re
1549 3580 1664 3686 critica
1694 3606 1733 3655 ac
1768 3577 1960 3686 polemica,

315 3691 444 3798 datque
474 3719 694 3799 summopere
723 3697 796 3794 ejus
823 3694 1109 3801 dispositionem,
1165 3718 1274 3799 eaque
1303 3719 1370 3769 non
1393 3692 1522 3800 exigua
1548 3695 1679 3770 nostrae
1709 3690 1869 3770 editionis
1891 3692 1963 3767 uti—

316 3811 593 3894 correctionem,
631 3805 863 3884 additamenta
893 3836 932 3885 ac
962 3811 1110 3915 pretiosa
1166 3805 1243 3882 litas
1270 3831 1304 3882 et
1343 3832 1445 3895 usus,
1482 3807 1562 3912 quia
1593 3807 1716 3882 multas
1744 3831 1855 3884 serrat
1885 3803 1962 3880 exi·

317 3921 427 3996 multa
468 3945 557 4026 quae
594 3921 771 4010 continet,
810 3921 934 3997 deinde
968 3922 1110 3998 subdit:
1169 3921 1252 3995 urias
1288 3920 1361 3996 sive
1398 3921 1484 3996 sacri
1525 3945 1663 4010 textus,
1704 3920 1776 3996 sive
1804 3918 1962 4025 judaica·

317 4031 361 4114 bx
389 4055 450 4110 rtur
478 4055 568 4110 'saort
597 4051 654 4124 ru:
694 4032 836 4110 rtborm
866 4055 974 4113 rtrtrr
1002 4033 1112 4112 ahter
1167 4059 1245 4109 rum
1275 4055 1418 4138 precum
1461 4031 1728 4138 discrepantias,
1767 4057 1801 4109 et
1832 4033 1958 4106 intacta
1994 4049 2000 4052 ·

318 4165 401 4223 *tun
442 4165 537 4242 urna
578 4165 677 4236 txtttt
718 4141 930 4239 tun-ritant
968 4169 1015 4226 u:
1042 4169 1110 4224 nrt*
1167 4147 1370 4252 quatriplura
1400 4145 1474 4221 loca
1503 4146 1778 4234 antichristiana,
1808 4171 1895 4248 quae
1926 4143 1962 4218 in

319 4259 395 4356 lurp
426 4283 494 4338 rto
523 4257 694 4338 tororum
720 4280 810 4338 ’uun
838 4259 922 4359 nauh
950 4259 1016 4338 int
1042 4281 1113 4340 tran
1170 4258 1417 4336 recentioribus
1477 4283 1656 4365 perperam
1713 4280 1961 4362 quaeruntur,

317 4372 389 4452 hhtt
407 4371 498 4452 utrtb
527 4391 748 4468 orphum
776 4393 897 4450 nauta
925 4394 1001 4452 ‘arun
1032 4393 1112 4451 *tan
1169 4399 1380 4480 quamquam
1420 4372 1453 4446 in
1496 4371 1674 4479 perpaucis
1710 4397 1798 4476 qnae
1839 4392 1964 4472 super-

316 4507 452 4568 nutmttt
490 4505 582 4564 nunu
610 4509 749 4564 ωἰιιιιιι
786 4483 886 4565 oms
913 4509 1017 4564 nutari
1044 4509 1115 4576 naut
1172 4512 1272 4576 sunt,
1313 4485 1570 4590 exemplaribus
1612 4489 1657 4561 ea
1700 4484 1769 4560 sint
1813 4480 1963 4557 studiose

319 4621 414 4695 21th
445 4621 579 4679 nomn
622 4621 711 4677 naut
739 4621 834 4677 ιιι-ιι
872 4598 968 4680 :htv
996 4599 1115 4677 nsunt
1173 4598 1289 4674 abrasa
1315 4599 1369 4675 vel
1390 4597 1516 4685 deleta,
1538 4623 1576 4675 ut
1597 4620 1676 4674 suut
1699 4621 1772 4673 tnui
1797 4597 1830 4671 in
1854 4621 1963 4670 mem·

318 4735 416 4805 tran*
461 4733 559 4790 uuna
609 4731 664 4788 ῬΠ
708 4733 834 4806 nem:
879 4733 979 4794 uttam
1022 4710 1116 4792 ulio
1172 4710 1363 4800 branaceo,
1403 4711 1499 4817 qnod
1537 4737 1638 4818 supra
1677 4711 1965 4786 commemoravi-

319 4823 445 4904 bttrtrth
473 4843 555 4908 natal
591 4847 662 4904 ants
690 4847 841 4904 Πιιιιιι)
878 4845 942 4903 'tut'
970 4845 1116 4902 norunt
1174 4850 1274 4910 mus,
1314 4852 1389 4902 tum
1429 4825 1464 4900 in
1494 4826 1671 4902 chartaceo
1706 4824 1814 4900 altero
1844 4847 1962 4896 nostro

322 4938 411 5020 raho
440 4961 499 5034 rou
543 4938 671 5016 :aloni
698 4959 784 5016 rinna
821 4937 860 5014 ln
888 4935 929 5021 ht
959 4937 1114 5018 mironis
1171 4937 1386 5044 exemplari.
1429 4943 1467 5014 In
1498 4938 1626 5014 celebri
1666 4960 1779 5013 tamen
1808 4936 1964 5012 oratione

320 5105 343 5138 „
371 5055 449 5129 Fuit
477 5077 592 5128 autem
625 5053 777 5156 profecto
801 5049 937 5126 initium
967 5050 1113 5129 aedificii
1173 5051 1309 5138 Aleon,
1336 5077 1427 5158 quae,
1467 5053 1581 5158 primo
1611 5049 1788 5126 volumine
1816 5075 1856 5126 ac
1885 5048 1965 5127 loco

320 5163 423 5266 hujus
451 5163 532 5241 libri
572 5189 631 5270 per
661 5190 723 5241 nos
761 5168 959 5242 Soncinates
994 5164 1028 5240 in
1061 5193 1116 5242 ur·
1172 5165 1350 5254 occurrit,
1395 5163 1497 5240 verba
1540 5186 1604 5261 prat
1640 5161 1723 5240 latr
1763 5172 1905 5236 vanitati
1932 5185 1967 5235 et

321 5275 365 5352 be
394 5280 533 5356 Soncirri
563 5303 678 5352 mense
707 5275 779 5353 tisri
808 5302 906 5359 annot¹
931 5279 1009 5372 246
1039 5303 1117 5353 sex·
1174 5289 1335 5354 inanitati
1362 5303 1396 5353 et
1426 5299 1512 5360 semi*
1540 5276 1582 5352 eth
1609 5273 1651 5351 hrt
1678 5273 1722 5350 hrt
1761 5279 1876 5350 Deum
1905 5280 1967 5370 qui

320 5390 346 5466 ti
390 5389 593 5475 millenarii,
633 5389 842 5466 absolvimus
888 5416 969 5465 vero
1013 5389 1111 5464 illurn
1173 5417 1239 5466 nort
1279 5395 1410 5477 salvat,
1447 5399 1559 5474 lesum
1598 5413 1753 5462 nostrum
1790 5413 1859 5461 non
1896 5387 1965 5458 ob-

320 5501 381 5580 hic
411 5506 521 5582 Casali
550 5505 672 5608 majori
702 5505 785 5580 feria
812 5526 839 5577 rr
870 5500 1112 5580 hebdomadae
1169 5528 1270 5580 scote
1300 5507 1502 5594 innuentia,
1537 5501 1659 5578 relicto
1687 5524 1797 5574 vacuo
1826 5495 1965 5604 spatio,
