5118 7100
595 681 669 760 180

586 1579 725 1652 indicia,
753 1583 833 1640 inter
854 1599 928 1663 quas

645 1661 764 1736 Burrum
794 1665 825 1720 in
847 1677 935 1742 prou·¹
994 1665 1128 1724 rixiana.
1163 1657 1229 1722 Jud.
1259 1673 1385 1738 precum

587 1731 704 1799 libium
724 1738 776 1800 hic
795 1758 844 1800 an.
869 1738 944 1818 1496
965 1739 1068 1801 edidit
1089 1739 1207 1802 Gerson
1229 1737 1388 1800 Soncinas.

645 1820 795 1879 Bononia.
815 1817 891 1880 Heb.
916 1834 1049 1959 typogra
1073 1821 1155 1881 hiain
1177 1824 1208 1880 in
1230 1819 1286 1878 hac
1309 1815 1386 1876 urbe

583 1913 639 1958 suo
658 1915 729 1959 aere
751 1903 851 1960 erexit
879 1917 925 1960 an.
952 1920 988 1972 14
1017 1923 1030 1958 2
1051 1842 1163 1980 boseph
1184 1901 1323 1960 Kroveta
1345 1913 1385 1956 ex

583 1995 644 2058 qua
666 1996 760 2059 opera
782 1976 1074 2054 abr.benchaj1m
1096 1981 1279 2040 Pisaurensis
1294 1975 1383 2035 binae

608 2053 772 2118 rodierunt
794 2055 965 2132 editiones,
1000 2059 1089 2120 Pent.
1116 2058 1181 2134 ejus
1211 2059 1283 2118 anni
1310 2069 1341 2115 et
1363 2073 1383 2116 ν

623 2136 692 2216 egh.
713 2137 802 2216 Quae
822 2134 1025 2218 proferuntur
1046 2143 1252 2218 antiquiores,
1273 2135 1386 2216 Sphor-

583 2220 615 2276 ni
629 2217 675 2277 Or
688 2217 811 2276 arnmlm
825 2233 898 2292 1471
915 2231 947 2277 et
962 2218 1089 2280 Arisbae
1111 2217 1271 2281 Toledhtb
1292 2213 1382 2274 adam

585 2295 684 2374 1478,
706 2299 920 2377 supposititiae
941 2313 1012 2358 sunt
1044 2297 1135 2360 etad
1169 2303 1211 2357 in·
1231 2311 1291 2357 sec.
1324 2311 1382 2354 xva

584 2373 814 2451 emendandae,
837 2395 903 2460 quo
918 2395 954 2437 ea
967 2381 1085 2445 revixit
1104 2393 1137 2441 et
1158 2375 1198 2438 ad
1218 2371 1382 2438 dimidium

582 2451 651 2516 fere
672 2473 734 2515 sec.
755 2453 962 2538 perduravit.
1253 2507 1256 2514 ,

640 2538 761 2595 Brixia.
790 2537 813 2597 E
833 2536 968 2598 Soncino
989 2535 1054 2598 huc
1075 2550 1169 2619 typos
1188 2553 1258 2597 suos
1278 2531 1384 2595 tradu-

581 2615 629 2674 xit
649 2615 768 2676 Gerson
796 2630 828 2676 et
850 2615 890 2676 ab
917 2635 966 2677 an.
999 2637 1071 2695 1491
1102 2615 1141 2676 ad
1174 2635 1246 2694 1495
1281 2619 1383 2676 varias

584 2691 761 2770 editiones,
782 2701 962 2777 praesertim
978 2694 1134 2768 biblicus,
1155 2694 1381 2779 promulgavit.

640 2778 740 2835 casale
761 2781 866 2854 suajus.
888 2774 1156 2836 Absolutissirnum
1177 2771 1243 2854 jud.
1255 2793 1381 2858 precum

582 2851 779 2916 Breviariurn
799 2853 864 2916 ital.
894 2860 972 2915 ritus
991 2859 1021 2915 in
1043 2861 1141 2936 patria
1162 2869 1306 2937 coeptum
1328 2853 1380 2914 hic

580 2950 627 2992 an.
672 2931 751 3004 1486
783 2931 983 3015 perfecerunt
1022 2935 1225 3008 Soncinates,
1256 2935 1379 3016 hacque

583 3009 694 3073 eadem
715 3029 818 3076 aetate
839 3014 880 3075 ib.
895 3014 937 3075 R·
967 3015 1102 3075 isaacum
1131 3015 1142 3075 Ι
1166 3015 1270 3077 heram
1291 3032 1378 3074 suum

579 3083 683 3153 fixisse
715 3090 909 3155 domicilium
933 3092 1029 3154 tradit
1050 3035 1222 3157 Scalsdlad
1243 3092 1296 3154 fol.
1320 3097 1380 3154 ⁶2.

640 3175 759 3244 cPolis.
787 3175 891 3235 Plures
920 3173 1012 3236 isthic
1031 3193 1073 3236 xv
1104 3193 1163 3236 sec.
1195 3173 1296 3240 factae
1317 3182 1379 3233 tia·

580 3248 696 3312 duntur
728 3252 884 3316 editiones
904 3249 1009 3328 hebi,
1042 3250 1097 3314 sed
1130 3252 1224 3317 falsae
1257 3273 1379 3316 omnes.

580 3328 678 3392 Unica
698 3329 796 3394 dubia
816 3332 874 3398 sed
894 3330 987 3395 valde
1008 3347 1170 3414 suspecta.
1370 3372 1372 3380 ,

640 3413 790 3474 Ferraria.
810 3412 899 3473 Patet
920 3430 958 3472 ex
980 3413 1050 3474 Jore
1071 3410 1150 3474 deba
1172 3431 1219 3474 an.
1242 3430 1317 3490 1479
1334 3413 1377 3472 ihi

579 3492 824 3575 typographiam
845 3511 928 3553 suam
945 3485 1047 3553 fixisse
1070 3489 1143 3552 Abr.
1165 3491 1224 3554 ben
1238 3493 1376 3566 Chaim,

603 3587 674 3630 uem
703 3586 737 3633 et
768 3569 934 3634 verisimile
976 3585 1022 3632 est
1053 3570 1178 3633 biennio
1209 3587 1280 3632 ante
1314 3571 1377 3632 illic

577 3589 710 3716 gerson.
729 3652 816 3716 Com.
849 3655 881 3712 in
901 3649 1013 3712 Jobum
1044 3651 1204 3732 vulgasse.
1237 3651 1278 3712 Hi
1311 3648 1376 3711 duo

574 3727 651 3790 libri
671 3751 714 3793 xv
735 3749 794 3793 sec.
814 3731 1121 3812 Ferrariaeexcusi,
1142 3746 1175 3792 at
1197 3751 1250 3794 xvr
1272 3750 1377 3812 quam·

575 3809 678 3892 plures
698 3829 777 3893 quos
797 3815 829 3872 in
842 3812 930 3872 Cum.
950 3807 990 3871 de
1007 3824 1074 3894 typ.
1094 3809 1304 3872 hehe-ferrar.
1325 3805 1378 3872 fu·

575 3907 608 3951 se
630 3887 867 3974 descripsimus.
1330 3903 1337 3914 '

636 3972 713 4031 iscar
733 3971 784 4034 vel
804 3972 900 4032 Ischr.
921 3971 1042 4031 Incerta
1064 3968 1135 4031 urbs
1175 3988 1232 4032 uae
1248 3966 1375 4032 videtur

575 4049 787 4122 inLusitania
808 4049 985 4134 quaerenda
1007 4066 1040 4112 et
1060 4047 1142 4112 forre
1187 4054 1307 4111 aurium
1327 4070 1375 4110 es-

573 4149 625 4202 se,
647 4150 709 4194 non
735 4131 839 4194 italica
864 4133 957 4194 Sorae
986 4131 1104 4192 insula.
1129 4130 1179 4193 Ab
1211 4147 1260 4192 an.
1298 4129 1371 4208 1485

572 4207 613 4273 ad
636 4227 707 4288 1491
733 4216 812 4274 varii
834 4209 906 4272 libri
935 4213 1023 4290 inea
1045 4208 1140 4277 editi.

633 4294 742 4352 Italia.
766 4291 809 4352 Ut
829 4295 976 4374 graecae,
998 4295 1042 4351 ira
1061 4289 1134 4352 heb·
1147 4283 1373 4374 typographiae

572 4373 700 4468 originis
720 4371 785 4433 laus
805 4376 834 4433 el
857 4369 1008 4444 debetur,
1029 4389 1090 4431 non
1114 4371 1300 4432 Germaniae
1317 4370 1368 4433 vel

571 4450 732 4534 Eslrngae.
753 4453 834 4514 Diss.
856 4449 948 4532 prael.
970 4447 997 4531 5.
1017 4467 1097 4525 ιιιιι,
1117 4470 1195 4526 xrv,
1216 4471 1276 4512 ιιν.

629 4534 747 4593 Leiria.
766 4530 862 4592 Binae
883 4531 936 4592 hie
957 4549 1005 4591 an.
1028 4548 1105 4609 149²
1128 4545 1160 4590 et
1184 4549 1261 4610 1494
1278 4526 1370 4592 bibli·

571 4631 626 4674 cae
647 4609 800 4673 editiones
820 4614 905 4692 typis
925 4627 1107 4694 expressae,
1137 4609 1294 4691 elegantes
1313 4626 1367 4672 va«

570 4696 610 4754 rii
649 4707 687 4752 ue
707 4690 794 4752 Com.
815 4694 1001 4764 instructae,
1019 4708 1114 4773 opera
1135 4689 1210 4752 Abr.
1232 4691 1365 4752 Dorias.

668 4789 775 4832 unaue.
805 4769 866 4833 Sex
895 4775 926 4831 in
957 4769 1016 4830 hac
1047 4767 1124 4831 urbe
1154 4769 1248 4832 libros
1267 4773 1366 4853 prima

531 4911 532 4916 ,
569 4850 642 4914 heb.
675 4865 802 4934 typogr.
834 4862 937 4912 aetate
966 4867 1021 4912 seu
1047 4868 1065 4910 a
1099 4851 1177 4927 1476
1204 4847 1244 4911 ad
1268 4849 1366 4927 1480,

570 4930 674 4997 edidit
693 4933 850 5004 Conatus,
880 4947 985 4990 omnes
1006 4931 1072 4990 sine
1092 4947 1141 4990 an.
1158 4942 1194 4992 er
1215 4929 1253 5003 l.,
1273 4935 1366 4993 unico

570 5025 705 5095 excepto
726 5011 829 5073 Orach
851 5007 983 5082 chaam,
1009 5027 1049 5070 ex
1069 5008 1157 5085 cujus
1176 5014 1273 5092 epigr.
1295 5026 1366 5073 tan·

569 5093 642 5156 dem
661 5095 796 5154 innotuit
815 5107 886 5151 euna
907 5087 1074 5163 Mantuae,
1101 5108 1162 5154 non
1191 5091 1286 5154 CPoli
1309 5105 1363 5152 aut

571 5173 717 5235 Coloniae
742 5187 821 5256 typo
846 5188 869 5229 r.
893 5185 990 5230 artem
1018 5175 1219 5231 exercuisse.¹
1236 5171 1280 5231 In.
1301 5189 1365 5232 sec.

568 5273 612 5314 xv
641 5247 787 5315 refloruit
810 5189 874 5311 abac
896 5250 1100 5332 typographia
1121 5248 1191 5311 heb.
1213 5264 1246 5312 et
1260 5269 1359 5336 usque

567 5329 609 5396 ad
630 5329 708 5394 hanc
729 5331 812 5394 diem
833 5327 1006 5410 perdurat.

628 5415 785 5488 Neapolis.
817 5407 867 5472 Ab
896 5405 1044 5483 an·1487
1070 5405 1111 5470 ad
1135 5427 1209 5487 ¹493
1232 5407 1360 5472 octode-

566 5492 627 5561 cim
653 5509 747 5574 opera
778 5508 795 5552 a
816 5491 910 5554 variis
930 5486 1125 5553 'Iudaeorum
1155 5489 1361 5573 typographis

933 853 1294 993 urinas
1370 855 1498 962 ac
1581 852 1879 958 roca

747 1051 811 1146 ⁴IN
841 1053 1045 1174 Quietis
1075 1055 1295 1154 FACTAE
1323 1061 1470 1148 SUNT
1496 1055 1655 1158 ,Heba
1686 1053 1830 1141 EDIT.
1859 1051 1940 1136 XV
1967 1051 2074 1138 SEC.
2132 1071 2159 1090 ··

1093 1229 1627 1342 ,ΜΛΝ

587 1345 816 1500 Anonymae.
847 1418 916 1481 Non
948 1437 1064 1503 paucae
1093 1433 1199 1504 extant
1232 1413 1386 1506 editiones

544 1520 547 1528 ·
587 1517 668 1582 quae
690 1497 789 1560 locum
811 1499 1122 1583 noapraeseferunt,
1142 1518 1199 1561 nec
1220 1509 1307 1560 certa
1321 1512 1385 1570 eJus

958 1573 1127 1722 Quadratae
1139 1615 1143 1623 =
1156 1584 1221 1642 sine
1243 1594 1292 1636 an.
1311 1589 1344 1636 et
1365 1575 1385 1636 l.

1442 1418 1638 1497 reperiuntur
1658 1421 1720 1483 Nea
1765 1419 1788 1482 li
1807 1417 1879 1483 heb.
1899 1435 2031 1482 excusa.
2053 1418 2120 1482 Alia
2141 1439 2236 1506 quae-

1442 1494 1513 1557 dam
1537 1494 1613 1560 falso
1633 1501 1678 1564 illi
1698 1521 1714 1564 a
1737 1505 1873 1582 scripta.

1501 1579 1689 1641 Plebisaccrrm
1720 1580 1771 1644 vel
1794 1582 1998 1649 Plebisacr'um,
2024 1579 2121 1662 vulgo
2143 1585 2235 1644 Pieve

1442 1660 1473 1717 aa·
1493 1658 1603 1732 Sucro,
1634 1661 1800 1722 Patavinae
1832 1667 1921 1741 prov·
1948 1655 2119 1740 oppidum,
2174 1660 2237 1722 uod

1443 1735 1515 1796 heb.
1537 1751 1572 1820 ty
1597 1781 1603 1796 .
1626 1744 1787 1821 primatum
1809 1735 1971 1800 contendit
1993 1739 2092 1818 Regio
2113 1681 2235 1801 Cadahr.

1442 1815 1520 1878 Cum
1540 1837 1558 1880 e
1585 1823 1618 1880 it.
1636 1820 1720 1882 Arba
1741 1822 1834 1880 turim
1856 1823 1886 1878 in
1907 1837 1947 1878 eo
1966 1834 2093 1892 curata,
2115 1824 2154 1878 sit
2174 1818 2235 1896 jam

1441 1913 1490 1956 an.
1522 1917 1618 1978 1475,
1637 1919 1699 1975 non
1727 1921 1825 1977 1474,
1846 1911 1881 1957 ut
1902 1897 2062 1979 hucusque
2083 1897 2237 1960 credeba-

1440 1987 1510 2049 tur,
1530 1979 1638 2040 saltem
1659 1998 1707 2040 an.
1729 1998 1806 2056 1474
1827 1977 1878 2039 vel
1902 1995 1977 2054 1‘473
2000 1981 2151 2053 inveniri,
2171 1976 2235 2040 for·

1440 2059 1537 2130 mari,
1568 2057 1710 2120 adhiberi
1731 2056 1909 2120 debuerunt
1929 2054 1969 2116 ab
1990 2055 2067 2117 Abr.
2084 2056 2161 2118 Koai
2182 2073 2235 2140 ty·

1441 2139 1474 2216 pi
1485 2135 1556 2197 heb.
1567 2142 1648 2200 varii
1661 2144 1797 2220 generis,
1808 2136 1919 2220 quibus
1932 2135 2143 2217 insigneillud
2156 2155 2234 2218 opus
2278 2175 2283 2184 ·

1440 2231 1582 2292 constat,
1601 2223 1792 2301 potissimum
1814 2235 1908 2300 quum
1930 2215 1995 2291 ejus
2014 2215 2118 2277 obitus
2138 2221 2235 2278 inter·

1438 2301 1582 2372 cesserit,
1603 2317 1660 2360 nec
1682 2302 1828 2379 exiguum
1851 2309 1914 2357 tem
1937 2313 2053 2378 usquo
2075 2297 2234 2377 Regiensis

1439 2372 1488 2436 ed.
1522 2391 1657 2440 nostram
1689 2391 1833 2460 superat,
1861 2394 1896 2436 su
1932 2380 1994 2436 ciat
2024 2375 2235 2457 imprimendis

1440 2474 1458 2534 3
1480 2456 1554 2518 voll.
1574 2471 1652 2543 quot
1673 2473 1775 2520 nostra
1796 2469 1920 2538 superat
1941 2453 2143 2596 Regiensem.

1499 2541 1617 2617 Regium
1641 2542 1807 2601 Calabriae.
1836 2538 1869 2599 Si
1892 2538 1970 2595 ratio
2013 2533 2140 2594 abeatur
2160 2547 2236 2596 tem·

1440 2620 1524 2698 poris
1544 2639 1609 2701 quo
1629 2617 1700 2680 heb.
1727 2620 1798 2701 typi
1828 2633 1865 2676 ac
1887 2612 1959 2676 libri
1985 2617 2117 2697 primum
2139 2619 2168 2674 in
2190 2611 2236 2674 lu·

1439 2713 1508 2758 cem
1535 2711 1795 2780 comparuerunt,
1825 2697 1923 2776 prima
1953 2709 2000 2755 est
2030 2707 2131 2754 nostra
2157 2694 2234 2756 haec

1438 2774 1512 2836 urbs
1533 2780 1565 2838 in
1593 2797 1654 2862 qua
1676 2775 1709 2838 id
1731 2775 1845 2838 facturn
1864 2779 1923 2836 sit.
1949 2771 2094 2835 Debetur
2115 2778 2144 2834 ei
2167 2779 2233 2855 pri·

1435 2874 1507 2922 ,mus
1527 2855 1599 2918 heb.
1619 2871 1686 2942 typ.
1710 2853 1811 2918 foetus
1832 2873 1850 2916 a
1870 2851 1958 2915 nobis
1978 2851 2139 2922 detectus.
2172 2855 2235 2916 Jar·

1436 2933 1498 2996 chii
1519 2935 1615 2998 videl.
1635 2939 1721 3000 Com.
1741 2941 1773 2998 in
1795 2936 1881 2997 Pent.
1900 2938 2025 3076 gaiam
2048 2953 2122 3009 1475
2146 2934 2234 3016 paul·

1436 3013 1467 3074 lo
1487 3029 1559 3078 ante
1592 3015 1820 3080 Plebisaccense
1842 3012 1906 3076 Arb
1946 3015 2037 3074 turim
2068 3012 2145 3074 Abr.
2172 3013 2234 3076 ben

1436 3095 1556 3156 Garton
1577 3115 1672 3180 opera
1693 3097 1758 3158 illic
1777 3095 1878 3156 lucem
1898 3094 1950 3156 ads
1974 3097 2060 3154 exit.

1496 3180 1662 3238 Sancinum.
1683 3173 1922 3238 Mediolanensis
1944 3114 2074 3235 ducatus
2094 3170 2231 3256 oppidu·

1437 3252 1522 3327 lum,
1552 3253 1639 3339 quod
1671 3269 1706 3317 ut
1727 3271 1810 3318 recte
1841 3269 1928 3314 notat
1950 3255 2153 3326 Mairrairius,
2184 3256 2233 3314 sui

1409 3377 1412 3384 .
1436 3337 1567 3397 nominis
1585 3335 1807 3397 obscuritatem
1827 3337 1901 3395 artis
1921 3331 1965 3394 ibi
1987 3331 2128 3394 excultae
2146 3333 2233 3408 cele-

1437 3411 1552 3484 britate
1571 3411 1620 3475 dis
1644 3415 1718 3488 ulit,
1740 3412 1858 3498 diuque
1878 3411 1933 3475 sed
1955 3431 2133 3495 perperam,
2154 3414 2234 3475 aJu·

1435 3489 1522 3555 daeis
1552 3512 1587 3555 ac
1636 3496 1787 3557 hristianis
1820 3491 2043 3574 bibliographis
2075 3507 2232 3576 tamquam

1434 3577 1578 3652 primaria
1609 3573 1682 3637 heb.
1712 3588 1859 3658 typorum
1891 3571 1980 3634 sedes
2000 3585 2047 3634 est
2072 3571 2235 3633 habitum.

1435 3651 1656 3716 Soncinensem
1675 3659 1758 3716 enim
1780 3651 2018 3791 typographiam
2036 3649 2231 3734 pluresaliae

1434 3731 1526 3812 Regii
1546 3733 1723 3806 Calabriae,
1742 3732 1793 3794 Ple
1819 3737 1933 3807 isacci,
1968 3732 2136 3806 Mantuae,
2158 3732 2234 3794 Fer·

1433 3817 1556 3888 rariae,
1577 3813 1751 3885 Bononiae,
1772 3813 1899 3896 aliisque
1913 3817 1943 3871 in
1959 3811 2088 3874 urbibus
2106 3825 2232 3874 erectae

1434 3908 1690 3974 praecesserunt.
1716 3893 1845 3955 Soacini
1866 3895 1968 3952 tamen
2001 3891 2077 3952 haee
2098 3905 2143 3952 est
2166 3891 2233 3954 laus

1434 3969 1519 4055 quod
1541 3991 1589 4036 ars
1617 3973 1694 4035 haec
1713 3974 1739 4034 si
1770 3991 1836 4032 non
1863 3974 1990 4034 inventa
2023 3985 2077 4032 aut
2098 3975 2231 4053 primurn

1432 4050 1577 4126 exculta,
1602 4051 1641 4114 ad
1662 4055 1825 4114 maximam
1846 4069 1918 4112 sane
1966 4047 2166 4112 erfectionem
2198 4064 2232 4114 et

1431 4130 1625 4214 splendorem
1648 4147 1695 4194 est
1713 4145 1825 4194 evecta
1844 4129 1904 4194 cet
1934 4071 2133 4192 doneinatum
2156 4151 2233 4215 ope-

1431 4229 1463 4271 ra
1485 4223 1518 4273 et
1539 4215 1664 4294 ingenio
1693 4217 1748 4296 (lui
1767 4211 1834 4272 illic
1856 4205 2030 4274 floruerunt
2049 4227 2082 4273 et
2102 4231 2158 4293 per
2187 4217 2233 4273 in÷

1431 4301 1554 4372 regrum
1575 4296 1775 4365 sexennium,
1796 4309 1849 4352 seu
1871 4289 1910 4350 ab
1930 4308 1976 4350 an.
1999 4287 2077 4361 1484
2100 4289 2138 4352 ad
2155 4310 2232 4369 1490

1430 4370 1533 4452 plures
1553 4376 1683 4434 eximios
1710 4371 1803 4433 libros
1832 4369 2085 4452 promulgarunt.
2114 4371 2159 4432 Ex
2181 4373 2257 4451 his,

1450 4454 1480 4512 ui
1509 4465 1642 4513 aetatem
1663 4447 1769 4512 ferunt
1801 4467 1838 4510 ac
1860 4447 2110 4532 dignoscuntur,
2141 4467 2232 4514 octo·

1425 4469 1530 4594 decim
1552 4531 1762 4593 illustrantur·
1787 4529 1856 4590 Bini
1878 4529 1957 4590 male
1977 4530 2141 4592 attributi.

1485 4615 1637 4691 Ulyssipo.
1658 4611 1805 4693 Quinque
1825 4607 1967 4671 diversae
1988 4607 2142 4672 editiones
2157 4609 2229 4674 heb.

1423 4695 1583 4760 extantia
1604 4695 1743 4774 principe
1775 4689 1832 4753 hac
1853 4689 2028 4751 Lusitaniae
2058 4691 2134 4751 urhe
2165 4689 2228 4752 ela·

1425 4771 1549 4834 boratae
1571 4789 1650 4854 quae
1672 4785 1820 4853 typorum
1841 4767 1995 4852 elegantia
2007 4787 2042 4830 ac
2058 4773 2229 4834 eorrectio·

1423 4851 1626 4934 ne'reliquis
1656 4848 1801 4912 omnihus
1831 4860 1988 4933 praestant
2021 4867 2057 4910 ae
2087 4850 2227 4912 solenra

1422 4927 1546 4993 ludaeis
1566 4949 1601 4990 ac
1622 4930 1805 4992 Christianis
1820 4959 1822 4966 ·
1837 4947 2029 5011 summopere
2058 4929 2230 4992 celebrari.

1424 5014 1548 5073 Praeter
1580 5009 1634 5072 has
1654 5008 1747 5070 urbes
1779 5007 1858 5070 aliae
1890 5007 2046 5091 quaedam
2069 5025 2162 5084 sunt,
2192 5023 2229 5071 ut

1422 5093 1687 5161 Amitelodamum,
1712 5089 1892 5162 Asinianum,
1915 5093 2050 5158 Colonia,
2067 5091 2227 5164 Cremona,

1422 5173 1608 5247 Moaupolis,
1642 5171 1778 5242 Ortona,
1813 5169 1980 5236 Pisaurum,
2007 5172 2232 5239 Thessalonica.

1423 5253 1576 5320 Venetiae,
1600 5247 1718 5332 quibus
1740 5266 1755 5307 a
1779 5245 2002 5330 bibliographis
2028 5247 2127 5310 solent
2159 5247 2229 5310 heb.

1421 5327 1574 5390 editiones
1594 5349 1638 5390 xv
1657 5325 1755 5390 seculi
1777 5331 1946 5407 assignari,
1968 5323 2023 5388 sed
2045 5341 2131 5388 utex
2154 5327 2230 5396 Par-

1420 5421 1452 5470 te
1474 5425 1512 5470 ιιι
1535 5423 1716 5470 nostrorum
1735 5405 1905 5468 Annalium
1938 5421 2079 5485 constat,
2099 5403 2234 5470 adulte--

1422 5485 1704 5551 mmmmm.

1102 5677 1608 5804 ¹masma
