5222 7090
896 650 1466 728 nAnsParnA
1952 646 2002 746 m

362 887 386 928 „
415 836 459 911 Et
507 836 645 932 justitia
695 850 809 902 nostra
863 827 999 931 (cet)
1037 824 1157 905 litteris
1212 825 1288 902 nori
1317 823 1583 934 supputatione,
1610 849 1650 902 ac
1672 845 1852 932 propterea
1883 821 2007 900 editio-

475 945 627 1050 apertis,
1213 965 1293 1016 nem
1312 940 1357 1016 ad
1374 966 1503 1016 annum
1525 963 1600 1038 255
1622 936 1747 1029 retuli,
1767 937 1851 1014 Chr.
1882 962 1955 1036 149
1963 961 2008 1034 5.

367 1114 391 1154 „
421 1057 656 1165 Ulyssipone,
685 1054 719 1128 iu
749 1055 848 1158 cujus
877 1053 993 1132 medio
1018 1075 1070 1133 est
1098 1080 1161 1161 sy-
1217 1051 1287 1130 Sed
1317 1079 1354 1130 re
1383 1051 1532 1161 penitius
1561 1078 1595 1129 et
1616 1051 1780 1128 attentius
1809 1077 1902 1127 nunc
1923 1077 2008 1128 exa-

480 1193 613 1278 nagoga
1122 1173 1124 1180 '
1216 1169 1366 1255 minata,
1396 1163 1497 1244 video
1526 1169 1690 1269 majorem
1725 1189 1934 1271 computum
1965 1188 2008 1240 eo

362 1341 383 1376 „
412 1284 518 1363 Urbis
555 1305 593 1358 et
632 1301 742 1356 mater
783 1279 1045 1390 praecipuarum
1083 1307 1159 1359 om·
1214 1279 1383 1356 contineri
1411 1307 1451 1357 ac
1493 1305 1705 1386 postremum
1743 1277 1840 1356 nde
1874 1302 1892 1376 5
1926 1277 2011 1352 mil·

473 1399 572 1474 nium
600 1419 884 1502 synagogarum,
1214 1392 1350 1470 leuariis
1376 1420 1447 1470 esse
1486 1393 1715 1480 sumendum,
1753 1416 1788 1468 et
1817 1389 2008 1468 editionem

360 1567 384 1606 „
414 1519 453 1588 ln
481 1535 551 1618 qua
591 1530 673 1583 sunt
710 1507 881 1622 sapientes
919 1535 959 1585 ac
999 1533 1158 1618 proceres
1216 1505 1261 1582 ad
1291 1533 1419 1584 annum
1449 1505 1541 1584 orbis
1570 1507 1701 1584 conditi
1729 1529 1834 1604 5250
1863 1530 1935 1581 esse
1958 1530 2010 1580 re·

476 1620 753 1708 academiarum,
1217 1619 1412 1698 ferendam.
1441 1620 1559 1698 Video
1582 1611 1722 1698 enimn
1754 1617 1839 1695 illud
1867 1617 2009 1694 seorsim

362 1795 386 1830 ,‚
416 1741 489 1841 Qui
519 1734 746 1843 benignitates
773 1757 895 1810 omnes
924 1736 957 1812 in
987 1735 1063 1814 sinu
1094 1764 1159 1816 suo
1216 1759 1349 1842 puncto
1377 1736 1552 1845 insigniri,
1590 1759 1628 1810 ut
1656 1725 1729 1812 urin
1767 1728 1861 1837 quod
1892 1728 2011 1808 subdi·

475 1847 779 1957 complectuntur,
1217 1872 1273 1925 tur
1301 1847 1467 1956 quodque
1498 1874 1569 1925 rem
1600 1873 1740 1924 omnem
1757 1842 1910 1932 dirimit,
1929 1842 2011 1920 sub-

365 2021 388 2057 ‚,
416 1973 455 2042 ln
486 1963 594 2040 domo
625 1960 747 2068 probi,
786 1960 935 2038 timentis
973 1966 1089 2040 Deum
1118 1990 1159 2042 ac
1213 1962 1271 2066 jici
1302 1962 1437 2043 radun
1466 1983 1620 2040 nannum
1651 1968 1776 2058 apertis
1799 1957 1857 2034 vel
1884 1963 2007 2034 distin·

478 2076 640 2185 sapientis
1215 2086 1279 2153 ctt't
1305 2082 1428 2156 litteris
1444 2075 1590 2153 eandem
1620 2102 1731 2152 aeram
1761 2075 1899 2174 majoris
1928 2097 2011 2177 sup·

365 2248 388 2286 „
417 2193 603 2282 Eliezeris,
631 2187 698 2266 viri
725 2187 890 2295 operibus
919 2191 1059 2298 magni,
1213 2193 1428 2295 putationis,
1468 2217 1507 2266 ac
1549 2183 1698 2266 secunda
1742 2186 1806 2262 ltac
1855 2183 2007 2291 priorem

368 2365 391 2399 „
417 2306 489 2406 Qui
508 2303 649 2409 adjuvat
663 2327 744 2377 enm
765 2303 825 2406 qui
848 2323 899 2378 est
920 2305 954 2379 in
979 2306 1154 2413 augustia,
1211 2302 1433 2382 disertissime
1477 2301 1670 2409 explicari.
1716 2308 1837 2402 Quum
1888 2321 2008 2374 autem

367 2475 392 2516 „
422 2425 464 2496 Et
495 2419 530 2493 in
570 2443 643 2525 quo
673 2416 816 2492 virtutes
852 2442 933 2494 curn
963 2417 1056 2494 bono
1086 2447 1158 2496 no-
1214 2421 1341 2496 mensis
1361 2416 1480 2496 tebeth
1501 2412 1848 2523 respondeatpartim
1867 2410 2009 2488 decetn-

489 2532 582 2610 mine
611 2527 908 2636 conglomeratae,
1215 2530 1270 2609 bri
1298 2558 1436 2624 nostro,
1467 2533 1592 2638 partim
1623 2530 1779 2633 januario
1805 2527 1886 2602 novi
1909 2525 2006 2614 anni,

372 2703 394 2740 „
424 2648 531 2750 Cujus
559 2640 769 2720 desiderium
786 2667 837 2719 est
864 2669 988 2753 augete
1009 2597 1163 2754 adpro·
1218 2645 1299 2724 hinc
1340 2646 1496 2724 absoluta
1536 2643 1678 2720 dicenda
1719 2667 1770 2718 est
1813 2637 1924 2716 editio
1954 2636 2010 2714 vel

486 2782 611 2866 pagare
639 2755 766 2845 libros,
1217 2759 1283 2837 sub
1310 2759 1414 2837 finem
1444 2759 1603 2835 exeuntis
1628 2756 1708 2833 anni
1730 2753 1855 2831 Christ.
1884 2753 2010 2851 1489,

371 2931 392 2968 ,‚
423 2880 588 2975 Quorum
618 2895 764 2946 numero
801 2895 871 2947 non
909 2869 954 2948 sit
981 2871 1078 2965 finis,
1106 2873 1162 2951 rel
1220 2875 1276 2953 vel
1303 2873 1368 2950 sub
1397 2871 1534 2950 initium
1565 2868 1750 2950 novianni
1786 2891 1907 2966 1490.
1937 2865 2011 2942 Pri·

485 2985 659 3071 inlinitos,
689 2983 754 3058 sibi
782 2983 927 3073 similes,
1219 3014 1315 3064 mum
1347 2986 1484 3064 videtur
1514 2983 1761 3073 verosimilius,
1785 2981 1867 3086 quia
1894 2977 2012 3084 judai·

373 3159 395 3193 ,‚
422 3106 471 3177 Ut
500 3099 672 3176 discamus
701 3097 734 3171 in
757 3097 797 3173 iis
815 3124 881 3204 pto
907 3100 1072 3204 cujusque
1100 3127 1163 3179 to·
1208 3129 1279 3179 wcus
1307 3101 1364 3177 ille
1393 3098 1515 3177 mensis
1544 3098 1663 3174 incidit
1699 3123 1742 3172 eo
1771 3119 1862 3170 anno
1890 3089 2008 3198 quoad

487 3239 548 3299 to,
578 3237 705 3318 eosque
735 3210 910 3319 legamus,

371 3383 394 3423 „
424 3334 475 3405 nc
502 3327 728 3404 confiteamur
756 3331 853 3413 Deo,
881 3325 1015 3431 sintque
1032 3325 1066 3402 in
1087 3353 1163 3404 cor·

484 3440 529 3518 de
561 3441 614 3518 vel
648 3439 798 3517 interiori
827 3464 948 3516 eorum
978 3439 1052 3519 viae
1081 3466 1161 3550 age·

477 3579 574 3632 stae.

367 3669 598 3763 „Retribuat
628 3675 721 3746 Deus
751 3667 946 3747 mercedem
967 3667 1162 3771 beneficen-

486 3785 552 3859 tiae
581 3789 655 3888 ejus
683 3807 718 3859 et
747 3783 982 3872 rectitudinis,

367 3951 390 3987 ,‚
419 3896 659 4003 Suscipiatque
697 3898 826 4005 jugiter
857 3897 983 4032 multas
1012 3895 1160 3974 retribu-

484 4035 593 4084 nones

368 4176 392 4214 „
420 4127 462 4198 Et
484 4148 547 4227 per
568 4121 729 4198 meritum
758 4127 833 4222 ejus
862 4145 946 4198 tunc
973 4122 1070 4232 digni
1100 4123 1164 4198 eri-

488 4261 566 4311 mus
596 4237 913 4344 redemptionibus,

368 4403 390 4436 „
421 4349 520 4426 Sicut
556 4375 753 4427 meruerunt
782 4350 826 4427 ab
856 4349 953 4426 initio
982 4347 1128 4438 redimi,

369 4513 395 4552 „
423 4469 595 4570 Tuncque
636 4464 853 4541 cantabimus
894 4466 1068 4541 canticum
1100 4490 1167 4540 no-

485 4603 569 4652 vum
599 4575 633 4652 in
666 4577 795 4686 templo
825 4577 890 4653 Dei

369 4743 391 4780 „
419 4692 509 4766 Cum
549 4689 638 4766 libro
681 4717 721 4767 ac
761 4695 926 4798 scriptura
969 4693 1023 4769 vel
1064 4715 1161 4770 textu

488 4801 705 4884 voluminum
720 4853 731 4878 .

369 4969 394 5010 ‚,
424 4916 620 5026 Magnificet
649 4917 773 4996 solium
801 4919 1035 5026 acceleretque
1056 4919 1162 4994 linem

482 5030 602 5118 exilii,

372 5197 394 5233 ,‚
423 5147 471 5219 Ut
502 5143 747 5224 benedicamus
777 5145 908 5222 nomini
926 5144 1075 5256 glorioso
1098 5171 1165 5222 ter·

486 5255 593 5333 ribilis
624 5260 783 5336 laudibus
814 5313 856 5348 „.

457 5372 677 5448 Vocabulum
706 5395 788 5467 nnn,
828 5371 923 5479 quod
953 5399 1065 5450 aeram
1096 5371 1164 5448 de·

369 5505 492 5574 notat,
522 5485 765 5593 interpretatus
803 5514 880 5565 sum
910 5487 996 5564 olim
1026 5486 1070 5563 de
1098 5489 1163 5566 nti·

1219 3219 1383 3321 majorem
1429 3213 1483 3290 sui
1528 3236 1661 3319 partem
1705 3209 1741 3286 in
1784 3205 2010 3284 decembrem

1219 3351 1343 3438 prioris
1371 3353 1474 3404 anm.

1474 3555 1761 3636 Mccccxc

1543 3729 1688 3802 XXIX

1293 3904 1340 3974 tt
1369 3902 1481 3974 Motis
1509 3901 1752 3974 Nacltotattt'dt's
1779 3894 1888 3971 Sclltar
1905 3889 2011 3985 agne-

1219 4013 1292 4086 rntll
1300 4066 1313 4100 ,
1329 4020 1396 4088 siue
1412 4019 1522 4089 sceno
1543 4013 1793 4095 retributionis,
1813 4017 1848 4082 r'n
1871 4032 1909 4098 4.
1930 4010 2010 4076 tnt'rt.

1220 4130 1369 4222 Neapoli
1404 4155 1457 4200 aa.
1491 4123 1525 4200 ᾗ.
1553 4145 1619 4199 ccz
1654 4128 1697 4198 ab
1733 4127 1806 4196 orbe
1848 4122 2007 4203 condito,

1224 4242 1349 4316 christi
1375 4258 1569 4314 mccccxc.

1306 4357 1432 4429 Nactus
1460 4379 1536 4427 sutn
1565 4357 1633 4458 jam
1663 4374 1696 4426 et
1728 4371 1895 4454 perraram
1919 4345 2007 4420 hane

1220 4461 1432 4554 editionem,
1471 4490 1575 4570 qnam
1605 4491 1649 4540 ex
1688 4463 1758 4541 sola
1796 4459 1911 4538 Wolfii
1939 4458 2006 4534 fide

1221 4577 1304 4654 olim
1333 4580 1534 4656 retuleram.
1563 4584 1610 4654 Ea
1632 4581 1784 4654 continet
1806 4601 1923 4682 reapse
1946 4598 2008 4680 po·

1219 4717 1377 4770 stremam
1406 4694 1593 4770 sectionem
1622 4691 1700 4768 libri
1738 4689 1854 4769 Torld
1884 4687 2006 4777 adam,

1220 4831 1307 4910 quae
1335 4807 1405 4914 agit
1443 4805 1488 4881 de
1529 4804 1752 4883 retributione
1781 4827 1857 4913 post
1898 4803 2007 4880 vitam

1221 4917 1310 4996 lianc
1339 4920 1478 5009 futura,
1505 4918 1628 5026 incipit
1656 4943 1692 4996 et
1720 4921 1791 5024 ipsa
1819 4916 1903 4992 folio
1932 4942 2007 4993 ver·

1219 5057 1277 5121 so,
1299 5035 1451 5139 praefixo
1480 5031 1581 5108 titulo
1601 5029 1640 5111 ἢ
1660 5033 1779 5125 pounb
1799 5031 1895 5110 brom
1915 5051 2007 5117 ntur,

1218 5145 1412 5253 eodemque
1440 5145 1633 5224 charactere
1662 5144 1838 5222 rabbinico
1860 5167 1909 5220 est
1926 5169 2007 5219 exa·

1219 5285 1313 5348 rata,
1349 5287 1419 5366 quo
1460 5259 1665 5366 praecedens
1705 5263 1799 5334 Even
1844 5255 2006 5334 bochea.

1219 5374 1324 5450 Foliis
1352 5397 1485 5450 constat
1520 5399 1593 5476 34,
1634 5372 1791 5476 hancque
1819 5371 2006 5474 maioribus

1220 5485 1397 5596 quadratis
1425 5486 1519 5594 typis
1547 5485 1591 5564 ad
1630 5483 1759 5562 calcem
1787 5485 1874 5566 sistit
1900 5507 2006 5592 typo-
