5146 7094
806 655 1409 732 ·ransrnrna
1899 678 1950 776 ῃ

307 831 421 910 1121211
450 825 718 906 Commentarii.
756 827 1028 936 Distinguuntur
1065 827 1102 903 hi
1161 851 1296 906 tantum
1344 829 1520 938 seligimus
1568 829 1865 908 luculentissima.
1908 835 1949 908 ln

306 943 511 1051 praepositis
539 941 677 1034 litteris,
703 968 792 1048 quae
823 941 991 1018 textuales
1015 941 1102 1050 ipsas
1158 943 1390 1020 celeberrimis
1419 944 1537 1021 Bibliis
1577 943 1700 1022 Arbiae
1728 945 1808 1022 anui
1844 947 1946 1044 2667

304 1057 422 1133 adhuc
450 1078 640 1160 superant,
668 1080 850 1132 auctorum
880 1053 1100 1144 nominibus,
1160 1080 1300 1132 censura
1321 1057 1545 1134 rabbinorum
1563 1055 1641 1134 data
1659 1081 1709 1134 est
1725 1083 1817 1134 auno
1838 1055 1949 1148 222122,

304 1195 419 1299 quae·
424 1194 458 1244 et
499 1191 626 1296 saepe,
668 1167 866 1276 praesertim
896 1167 1074 1261 Meirii,
1065 1195 1099 1246 m
1156 1195 1265 1300 quem
1297 1169 1439 1248 222212
1468 1170 1590 1246 minori
1620 1168 1951 1272 492,22(1212222

303 1282 474 1389 superiori
502 1279 656 1388 margine
687 1306 862 1358 unacum
892 1280 1097 1359 titulosacri
1151 1281 1218 1384 jori
1251 1305 1356 1380 5427
1388 1282 1432 1358 ab
1477 1290 1521 1360 O.
1546 1289 1584 1362 C.
1612 1283 1812 1363 editores
1804 1282 1904 1390 27221
1898 1285 1949 1360 in·

302 1421 419 1474 textus
447 1394 636 1471 minoribus
663 1395 758 1504 typis
779 1395 976 1504 targumicis
999 1420 1097 1501 repe-
1154 1402 1484 1502 terpretantur.1n
1513 1395 1665 1474 editione
1693 1397 1797 1474 Isaiae
1829 1423 1869 1473 ac
1897 1403 1951 1480 Je-

303 1533 445 1586 tuutur.
476 1509 588 1585 Prima
618 1533 670 1606 49
702 1507 782 1584 folia
811 1507 961 1585 numetis
993 1533 1095 1615 supra
1155 1509 1280 1586 terniue
1301 1508 1368 1585 hoc
1388 1507 1514 1587 eodem
1542 1535 1634 1586 anno
1654 1509 1867 1616 Ulyssipoue
1889 1537 1950 1588 cu·

304 1621 551 1732 designantur,
579 1620 667 1696 infra
697 1619 874 1729 plagulae,
901 1621 1024 1698 lineola
1042 1647 1095 1698 ra·
1153 1645 1241 1709 2222,
1270 1624 1303 1698 12
1326 1649 1394 1728 qua
1417 1623 1484 1702 hoc
1506 1621 1600 1700 idem
1623 1623 1831 1700 vocabulum
1857 1636 1949 1706 22222

304 1737 374 1842 phe
412 1735 653 1812 discernuntur
693 1759 877 1814 consuetae
919 1738 1096 1841 utriusque
1153 1733 1197 1810 ad
1236 1733 1482 1844 designandam
1522 1761 1633 1811 aeram
1675 1739 1884 1823 assumitur,
1923 1759 1946 1814 n

304 1875 419 1926 textus
448 1849 602 1936 litterae,
630 1847 691 1954 qui
719 1848 792 1924 siue
812 1848 880 1926 ulla
899 1851 1020 1954 majori
1043 1848 1097 1926 vel
1153 1847 1339 1926 certissime
1368 1851 1522 1958 quinque
1552 1849 1738 1925 millenaria
1760 1849 1948 1954 exprimit,

301 1989 420 2040 ornata
457 1961 577 2040 initiali
618 1959 786 2067 incipiunt
816 1987 837 2039 a
865 1961 1015 2042 secunda
1054 1965 1097 2040 si·
1154 1987 1233 2038 nam
1263 1959 1946 2054 222212222122112222222222222122222

303 2102 469 2184 9222222,
505 2074 588 2152 fusis
628 2074 818 2180 praemissis
857 2075 997 2181 illorum
1037 2101 1098 2152 au·
1155 2087 1344 2156 creationis.
1370 2075 1467 2154 ldem
1485 2103 1568 2186 ergo
1589 2071 1777 2152 dicendum
1807 2071 1851 2150 de
1874 2073 1947 2151 edi·

301 2213 440 2266 ctorum
482 2186 773 2318 praelationibus,
808 2215 898 2294 quae
926 2192 1099 2298 primam,
1157 2189 1250 2269 tione
1278 2217 1413 2280 nostra,
1442 2192 1595 2296 haecque
1623 2187 1745 2265 eadem
1767 2194 1843 2265 aera
1867 2187 1950 2265 sub·

300 2331 360 2380 seu
391 2305 562 2411 integrum
600 2301 878 2406 quinternionem
906 2327 1099 2410 occupant.
1157 2303 1400 2416 intelligenda.
1429 2303 1634 2382 Tandem
1608 2329 1635 2380 st
1658 2327 1770 2378 mmor
1790 2302 1847 2378 lnc
1865 2329 1949 2408 sup·

302 2423 441 2494 Constat
485 2415 592 2491 editio
621 2413 710 2490 foliis
753 2417 859 2508 226,
894 2443 935 2494 ac
972 2415 1097 2494 desinit
1155 2423 1290 2524 putatio
1320 2418 1552 2528 122211192222,
1581 2415 1750 2492 incideret
1779 2412 1921 2490 editio
1913 2441 1946 2492 tn

301 2529 475 2658 rythmice
505 2526 751 2638 epigraphes
742 2529 1095 2634 tuquadicitnrcu·
1154 2556 1235 2606 eum
1264 2559 1417 2624 annutn,
1443 2560 1536 2662 quo,
1565 2527 1750 2606 latentibus
1773 2527 1946 2658 plerisque

299 2671 370 2720 2222
416 2641 451 2718 12
492 2639 600 2718 domo
637 2641 765 2748 egregii
805 2645 883 2717 [122
915 2643 1094 2724 ,Samuelis
1149 2643 1304 2736 ludaeis,
1332 2646 1478 2753 contigit
1516 2667 1575 2719 aut
1604 2643 1725 2719 saltem
1764 2666 1855 2718 cette
1887 2643 1945 2718 in-

301 2761 424 2834 Dortas
452 2779 472 2831 e
500 2756 639 2888 2291222
675 2753 867 2862 1229122722
903 2783 1007 2865 opera
1036 2757 1094 2831 in·
1149 2761 1242 2865 cepit
1270 2785 1392 2838 eorum
1421 2757 1564 2835 exilium
1594 2781 1639 2830 ert
1662 2753 1859 2831 Lusitania.
1888 2751 1944 2830 Ad

303 2869 486 2979 telligentis
514 2867 576 2944 filii
605 2873 680 2973 ejus
709 2867 957 2959 Abrahami,
947 2897 1040 2974 Jussu
1059 2895 1094 2946 et
1150 2897 1232 2948 eum
1263 2874 1355 2950 enim
1379 2895 1510 2948 annum
1545 2895 1622 2968 257
1648 2865 1733 2944 illud
1757 2867 1946 2946 amandaut

300 2981 496 3092 sumptibus
536 2981 697 3088 sapientis
737 2982 1014 3061 excellentissimi
1054 2987 1094 3059 tt.
1152 2989 1293 3064 Samuel
1323 2989 1441 3092 Usque
1482 2989 1697 3061 consolatam
1725 3007 1764 3056 as
1807 2985 1948 3057 tribula·

301 3097 469 3174 Samuelis
521 3093 690 3182 Kolodri‚
737 3095 892 3174 absoluta
944 3097 1094 3201 denique
1151 3105 1308 3178 22222212
1332 3105 1450 3177 Ysraal
1478 3094 1538 3172 sol.
1575 3119 1648 3194 297
1681 3093 1944 3180 b,1mmauuel

300 3213 412 3292 22222
440 3231 497 3304 722·
536 3233 604 3288 tuat
639 3227 733 3286 nau
754 3259 766 3281 .
786 3261 797 3282 .
818 3231 863 3286 222
901 3234 972 3292 unt
1001 3231 1094 3290 22222
1150 3210 1275 3290 Aboab
1304 3217 1509 3310 Namologt'a
1538 3237 1573 3316 p.
1604 3231 1704 3306 291,
1732 3230 1767 3283 et
1798 3231 1836 3284 ut
1859 3206 1945 3284 alios

298 3331 395 3398 adia
423 3333 542 3400 mantis
571 3351 614 3398 aa
641 3377 650 3396 .
681 3377 690 3396 .
719 3349 807 3399 anno
836 3349 870 3400 at
897 3336 1026 3402 retient
1048 3329 1093 3398 ad
1149 3327 1337 3420 omittam,
1378 3330 1418 3401 tt.
1459 3321 1632 3400 Abraham
1681 3319 1867 3398 Scarnsulai
1909 3323 1945 3398 in

298 3444 380 3514 Sion
413 3445 447 3512 122
488 3446 616 3512 cantico
655 3460 715 3512 seu
746 3432 929 3514 1222222.
969 3438 1092 3515 122212
1150 3439 1359 3545 praefatione
1409 3435 1499 3515 ined.
1545 3433 1625 3512 libri
1666 3436 1720 3509 De
1770 3433 1943 3511 creatione

298 3551 420 3653 majori
459 3547 705 3656 supputatione
744 3551 875 3628 conditi
917 3551 1047 3629 orbis
1038 3577 1094 3626 tn·
1151 3552 1277 3630 Adami
1306 3577 1341 3630 et
1371 3556 1464 3628 Evae
1490 3547 1581 3656 apud
1614 3546 1781 3626 Wolfium
1813 3571 1901 3624 torn.
1928 3552 1945 3624 1

299 3663 518 3770 terpretanda
546 3688 596 3739 est
625 3687 701 3738 aera
731 3663 889 3740 vocabuli
916 3666 1027 3757 nr'na,
1048 3663 1093 3741 de
1151 3692 1187 3772 p
1223 3693 1318 3764 227.
1351 3663 1513 3742 1112222121
1544 3659 1674 3749 222221,
1706 3683 1745 3736 22
1774 3660 1944 3750 Osorins,

298 3801 324 3850 v
365 3775 562 3852 millenariis
600 3755 774 3853 intelleclo
812 3799 858 3856 Π
896 3777 1015 3870 112211,
1053 3800 1091 3853 22
1149 3777 1765 3866 11221222,Β2222122212222222.222
1796 3801 1910 3881 7279

299 3889 418 3968 monui
456 3914 491 3964 et
533 3887 646 3966 feci
637 3915 672 3966 tu
713 3888 916 3995 Appendice
955 3888 998 3966 ad
1036 3893 1100 3966 Bi-·
1148 3893 1251 3968 ctiam
1281 3889 1325 3967 ad
1368 3888 1627 3998 praecedentem
1664 3913 1719 3965 22.
1764 3890 1867 3988 2496
1899 3803 1943 3964 ilo-

297 4001 506 4078 bliothecam
535 4027 666 4077 sacram
694 4001 728 4078 le
757 4002 1092 4111 Longio-Mascbia·
1146 4003 1210 4080 lud
1240 4005 1411 4080 referunt.

297 4141 376 4191 nam
408 4141 442 4223 p.
474 4117 548 4206 28,
585 4115 618 4190 12
660 4121 836 4222 Apparatu
865 4114 1090 4192 hebraeo-bi·
1232 4115 1338 4217 Quod
1380 4135 1513 4223 spectat
1553 4111 1595 4190 ad
1646 4113 1791 4200 locum,
1831 4139 1941 4218 quum

295 4228 387 4305 blico
417 4255 449 4335 p.
483 4251 554 4326 55,
581 4229 671 4306 etin
703 4227 803 4308 Clavi
828 4227 989 4304 codicum
1022 4229 1090 4306 tol.
1148 4227 1358 4306 characteres
1387 4254 1461 4305 tum
1480 4228 1562 4303 sacti
1581 4250 1716 4310 textus,
1746 4247 1820 4299 tum
1841 4226 1941 4302 chal·

295 4348 311 4418 1
341 4342 519 4421 Variarunt
548 4344 752 4421 Lectionum
783 4341 932 4449 praefixa
960 4367 994 4448 p.
1011 4367 1090 4430 ctt,
1147 4341 1264 4420 dalcae
1292 4342 1529 4448 paraphrasis,
1559 4365 1634 4417 tutn
1663 4339 1940 4415 Commentario·

296 4482 365 4532 non
395 4455 438 4533 de
468 4457 614 4546 2212221,
654 4482 693 4534 ut
731 4481 830 4534 22222
859 4455 1007 4532 feceram
1035 4462 1090 4532 De
1147 4483 1246 4544 rum,
1278 4455 1430 4564 peracte
1446 4478 1638 4562 congruant
1658 4478 1738 4528 cum
1761 4449 1823 4544 iis,
1851 4479 1940 4559 quos

255 4612 258 4622 ,
296 4571 377 4645 heb.
408 4595 484 4678 typ.
523 4569 609 4676 orig.
652 4595 728 4679 pag
770 4595 845 4671 57,
883 4595 1088 4676 tnecutnque
1146 4569 1180 4646 12
1210 4569 1393 4678 Prophetis
1423 4569 1594 4678 prioribus
1623 4564 1834 4664 22212494
1863 4566 1940 4642 Lei·

297 4681 982 4776 1112111222,Μ2122212122,Κ2221222222,
1013 4688 1087 4760 Ma·
1146 4707 1259 4761 tenses
1287 4681 1501 4792 typographi
1530 4679 1787 4767 adhibuerunt,
1807 4677 1938 4758 Leiriae

294 4796 433 4886 sebius,
459 4821 499 4872 ac
540 4795 726 4906 Catalogus
768 4796 1086 4906 Seligmanuianus,
1144 4797 1234 4874 facta
1263 4795 1433 4875 censenda
1463 4819 1513 4872 est
1541 4794 1671 4874 editio.
1708 4792 1861 4872 Veneriis
1888 4819 1939 4870 22·

297 4913 357 5014 qui
387 4910 575 4987 editionem
618 4910 707 4988 hauc
734 4908 779 4986 ad
818 4937 948 4987 anuum
981 4936 1089 5010 257,
1145 4935 1189 4986 ne
1218 4910 1365 5019 pessime
1393 4910 1552 4988 attribuit
1589 4905 1801 5018 Seligmanni
1830 4911 1937 4984 Cata·
1953 4905 1959 4915 ’

300 5023 384 5100 Chr.
421 5049 522 5123 2497
558 5051 694 5101 summa
730 5025 953 5102 consensione
992 5051 1088 5101 retn—
1144 5023 1244 5133 logus
1272 5023 1333 5100 fol.
1364 5050 1415 5122 52
1446 5051 1524 5135 7229.
1556 5049 1672 5101 22222.
1703 5027 1773 5097 Nec
1800 5043 1852 5096 sat
1880 5045 1936 5097 ac·

297 5137 431 5214 lerunt.
462 5137 580 5216 Solent
615 5140 707 5216 enim
736 5137 903 5220 Judaei'
894 5165 929 5214 ru
965 5161 1088 5214 eornm
1144 5161 1301 5215 curatum
1341 5137 1376 5214 12
1413 5137 1478 5216 1222
1515 5133 1739 5214 describenda
1783 5132 1936 5210 editione

299 5251 384 5328 aeris
413 5251 525 5328 littera
554 5255 709 5328 neriam
746 5251 811 5329 sub
847 5253 953 5328 finem
979 5250 1089 5357 posita
1145 5277 1250 5357 quam
1281 5251 1315 5328 12
1343 5250 1622 5360 Oppenheimeri
1653 5247 1920 5326 bibliotheca
1886 5273 1937 5327 22·

300 5365 453 5470 quinque
472 5364 658 5442 millenaria
676 5365 860 5456 denotare,
878 5365 984 5472 idque
1000 5363 1089 5440 mul·
1144 5363 1265 5457 derat,
1301 5389 1338 5442 se
1367 5364 1524 5472 praebuit
1552 5362 1699 5440 Wollius
1728 5385 1812 5438 torn.
1841 5387 1870 5438 11
1898 5387 1935 5468 p.

300 5501 333 5552 22
362 5477 550 5556 2222221222
586 5477 777 5589 Ι2222227212,
815 5478 876 5560 sed
916 5479 998 5557 bina
1025 5502 1089 5557 nos
1145 5503 1252 5579 429,
1276 5505 1347 5558 nou
1375 5504 1505 5558 222222
1533 5475 1666 5568 modo,
1694 5499 1732 5560 ttt
1761 5473 1934 5568 diximus,
