5222 7090
655 779 707 876 o,
1076 775 1445 852 annaeus
1499 773 1851 850 trenam.

652 953 735 1032 inde
763 951 946 1034 assidentes
978 948 1117 1063 angelos
1144 972 1441 1060 repraesentante,
1499 949 1611 1042 tibus,
1639 948 1712 1057 ipse
1749 947 1852 1026 simul
1880 946 1963 1056 legit
1992 973 2031 1023 ac
2069 947 2183 1026 retulit
2214 973 2290 1027 ver·

649 1093 756 1174 quem
795 1068 831 1144 in
861 1066 933 1143 aliis
973 1065 1198 1144 Soncinatum
1232 1063 1441 1142 editionibus
1497 1090 1560 1140 sus
1581 1089 1703 1140 omnes
1744 1063 1867 1170 prioris
1909 1061 2115 1150 columnae,
2158 1061 2285 1141 deinde

648 1205 827 1258 occurrere
854 1182 922 1280 jam
952 1179 1123 1259 vidimus.
1165 1176 1295 1254 Eadem
1324 1203 1440 1255 autem
1497 1201 1620 1254 versus
1660 1202 1781 1253 omnes
1819 1173 2015 1283 posterioris
2054 1201 2155 1252 sensu
2187 1181 2289 1282 plane

646 1318 698 1371 est
728 1292 871 1371 omnino
902 1317 1039 1371 nostrae
1067 1290 1229 1368 editionis
1257 1316 1297 1367 ac
1319 1315 1443 1369 tracta·
1497 1289 1594 1366 nullo
1633 1291 1688 1368 nel
1733 1315 1871 1398 prorsus
1911 1290 2125 1394 incongruo.
2168 1293 2206 1364 ln
2245 1315 2290 1367 eo

648 1431 704 1486 tus
747 1409 941 1486 rationum
980 1427 1127 1483 tractatu
1156 1401 1319 1483 Berattlth
1358 1407 1439 1484 anni
1494 1403 1599 1481 etiarn
1637 1428 1725 1481 errat
1765 1402 1911 1479 Woltius
1940 1401 2037 1509 quod
2077 1400 2290 1482 elaboratam

654 1525 783 1618 1484,
820 1517 943 1596 eadem
983 1516 1183 1627 dispositio,
1226 1517 1333 1595 iidem
1370 1541 1439 1626 ty·
1493 1540 1621 1595 statuat
1661 1517 1695 1593 in
1734 1515 1842 1593 domo
1878 1514 2056 1619 eujusdam
2101 1519 2141 1590 R.
2173 1516 2288 1605 Arbi,

645 1635 682 1743 pi
719 1635 791 1711 sive
833 1631 991 1741 quadrati
1034 1631 1188 1710 misenici
1226 1657 1266 1708 ac
1293 1633 1438 1740 gemati·
1493 1629 1712 1740 potissimum
1754 1654 1837 1706 ueto
1886 1627 1983 1736 quod
2022 1626 2169 1705 eandem
2213 1655 2286 1707 esse

645 1748 678 1823 ci
708 1771 845 1838 textus,
864 1747 924 1853 qui
948 1744 1100 1824 medium
1129 1767 1276 1852 occupat
1296 1743 1435 1834 locum,
1493 1766 1595 1852 putet
1627 1770 1709 1820 cum
1736 1735 1892 1821 editione⁷
1926 1743 2004 1818 anni
2043 1767 2179 1841 1490,
2208 1769 2290 1850 pro·

644 1861 716 1937 sive
752 1858 918 1937 rabbinici
945 1857 1150 1967 Tosephbth
1190 1885 1230 1934 ac
1270 1859 1435 1939 larchiani
1491 1880 1609 1966 pterea
1637 1856 1733 1965 quod
1759 1856 1951 1933 verosimile
1982 1856 2046 1962 ipsi
2076 1883 2145 1932 non
2170 1857 2288 1934 videa·

644 1971 918 2058 Commentarii,
945 1973 1007 2079 qui
1035 1977 1109 2076 ejus
1137 1971 1260 2048 latera·
1290 1971 1343 2048 nd
1365 1972 1435 2050 cal·
1491 1995 1547 2048 tut
1575 1969 1668 2047 idem
1696 1997 1785 2077 opus
1813 1969 1937 2048 eodem
1967 1970 2037 2045 here
2066 1996 2157 2046 anno
2186 1995 2284 2077 repe·

644 2113 722 2164 cem
750 2084 979 2192 subjiciuntur
999 2085 1195 2164 Decisiones
1222 2082 1435 2163 additamen·
1491 2083 1555 2161 tita
1582 2085 1657 2162 vice
1685 2082 1799 2162 lucem
1829 2082 1974 2161 vidisse.
2004 2087 2050 2158 Αι
2083 2081 2167 2159 vidit
2200 2111 2295 2188 pro·-

646 2223 764 2277 tornm
793 2225 832 2276 ac
871 2199 1068 2277 brevissima
1108 2197 1193 2276 haec
1222 2199 1434 2308 typographi
1491 2195 1603 2289 fecto,
1632 2223 1763 2306 nosque
1791 2197 1857 2305 ipsi
1888 2221 2069 2302 utramque
2090 2195 2285 2274 editionem

644 2337 726 2390 nota
754 2309 847 2393 cumb
864 2303 913 2390 ‘to
936 2334 1029 2390 :nun
1056 2315 1131 2408 thur
1159 2307 1239 2390 'non
1260 2309 1303 2388 ub
1326 2311 1436 2408 ttp’bot
1492 2309 1727 2420 possidemus,
1756 2310 1898 2389 alteram
1927 2309 2071 2417 quidem
2101 2311 2285 2419 Ulyssipo-
2358 2390 2366 2414 χ

641 2423 715 2524 p'nb
743 2427 823 2504 ta'tm
849 2447 925 2504 nnn
961 2429 1117 2523 Explicit
1155 2449 1316 2502 tractatus
1346 2431 1437 2504 Clio-
1493 2449 1537 2500 ne
1566 2427 1600 2502 in
1628 2426 1825 2514 Lusitania,
1860 2424 2003 2502 alteram
2032 2451 2115 2500 tero
2145 2426 2179 2498 in
2209 2430 2280 2502 lta·
2367 2426 2410 2576 q

639 2543 692 2615 lin
721 2545 841 2630 lodie,
879 2546 934 2616 dis
962 2559 1027 2616 κν
1050 2548 1170 2616 mentis
1208 2565 1322 2642 tamuz
1349 2565 1436 2616 anno
1493 2535 1539 2613 lia
1567 2563 1608 2613 ac
1646 2539 1817 2645 Neapoli,
1859 2564 1896 2614 ut
1931 2537 2018 2615 infra
2062 2537 2280 2632 videbimus,

643 2673 793 2730 ccxwt
819 2682 911 2729 aerae
940 2661 1096 2745 minoris,
1125 2651 1213 2728 idest
1240 2651 1305 2726 sub
1330 2652 1435 2729 linem
1493 2651 1650 2756 sequenti
1679 2677 1770 2727 anno
1800 2651 2008 2758 perfectam.
2038 2650 2155 2728 Editio
2187 2653 2284 2760 typis

640 2767 727 2870 junii
756 2768 834 2842 anni
865 2765 970 2842 nostri
1009 2768 1134 2864 1489,
1153 2788 1188 2842 et
1209 2761 1373 2870 quidem,
1397 2791 1434 2843 ut
1490 2787 1626 2840 constat
1655 2765 1838 2842 rabbinicis
1867 2765 2063 2875 hispanicae
2092 2765 2147 2840 vel
2167 2771 2281 2843 orien-

640 2903 743 2955 notae
772 2904 894 2956 omnes
934 2879 1144 2966 ostendunt,
1181 2877 1323 2956 Soncini
1350 2901 1432 2956 eta
1491 2876 1567 2954 talis
1595 2879 1812 2968 inflexionis,
1850 2905 1938 2987 quos
1966 2877 2054 2956 male
2093 2879 2284 2957 rotundio-

642 2995 798 3069 Gersone
839 2993 1041 3082 Soncinate,
1079 2991 1139 3099 qui
1179 2991 1247 3067 hoc
1275 3016 1367 3067 anno
1395 3019 1434 3070 ac
1490 3015 1545 3067 res
1587 2990 1678 3068 idem
1731 2992 1874 3070 Wolfius
1914 3017 2041 3081 vocat,
2063 3084 2064 3087 Ἴ
2089 2992 2283 3101 incipitque

641 3107 800 3210 sequenti
830 3104 947 3182 adhuc
976 3106 1010 3180 in
1039 3105 1148 3212 patria
1178 3105 1434 3210 reperiebatur.
1492 3129 1587 3181 versa
1616 3104 1689 3180 folii
1721 3107 1841 3214 pagina
1871 3133 1889 3183 a
1920 3106 2164 3184 Nachmanidis
2187 3133 2285 3214 prae·

640 3221 778 3294 Perrara
809 3217 892 3302 haec
921 3216 1028 3295 editio
1056 3217 1147 3294 foliis
1174 3242 1304 3296 constat
1340 3219 1431 3316 184,
1490 3217 1639 3310 lintione,
1666 3222 1849 3325 praemisso
1877 3219 2035 3328 superius
2063 3219 2166 3297 titulo
2188 3240 2285 3300 ’mm

640 3335 787 3438 ejusque
817 3331 897 3408 bina
927 3354 1062 3407 tantum
1090 3356 1180 3436 qnae
1207 3329 1432 3422 corrasimus,
1491 3349 1625 3409 rtrum
1654 3353 1729 3425 mm
1757 3355 1797 3411 'tn
1828 3357 1928 3414 nuo
1957 3355 2034 3413 tum
2062 3333 2121 3411 :nb
2158 3355 2286 3415 emmer

640 3442 820 3550 hucusque
844 3445 1064 3521 innotescunt
1085 3443 1265 3550 exempla,
1284 3443 1431 3522 alterum
1488 3450 1608 3520 Novae
1647 3453 1886 3525 observationes
1925 3458 1966 3523 in'
1987 3455 2091 3545 legem
2132 3455 2286 3524 doctoris

640 3555 782 3660 quidem
815 3557 1074 3667 integerrimum
1102 3584 1174 3662 quo
1205 3559 1352 3646 utimur,
1379 3559 1430 3636 al·
1487 3567 1594 3633 nostri
1634 3566 1682 3635 ll.
1725 3565 1838 3636 Moris
1868 3567 1939 3660 filit·
1979 3565 2190 3638 Nocitman.
2228 3567 2286 3637 Sit

639 3692 754 3744 terum
784 3696 868 3748 vero
897 3668 998 3751 valde
1028 3669 1292 3781 imperfectum.
1486 3680 1599 3746 aniana
1627 3683 1697 3773 ejus
1726 3682 1882 3774 colligata
1911 3685 1946 3748 r'n
1974 3681 2141 3772 fasciculo
2171 3683 2284 3749 viven-

964 3843 996 3918 χ
1015 3845 1094 3920 XV
1486 3793 1595 3872 tium,
1623 3812 1663 3862 ac
1691 3786 1937 3895 circumposito
1978 3813 2099 3866 ornatu
2126 3788 2282 3894 quodam

1487 3899 1581 3978 varia
1609 3899 1810 3978 animalium
1839 3928 1962 4010 genera
1995 3903 2185 3980 referente.
2227 3904 2283 3979 Bi·

708 4019 755 4089 R.
779 4019 889 4092 Mosr't
906 4017 1150 4092 Ncclmanidr's
1169 4021 1430 4094 Commentarius
1487 4039 1609 4090 narum
1648 4013 1841 4092 dictionum
1882 4036 2037 4094 Πίιίιι)
2076 4037 2165 4106 nno,
2192 4041 2283 4121 quae
2343 4075 2348 4084 .

636 4133 671 4200 t'n
701 4132 990 4218 Pentateucltunt,
1018 4140 1053 4206 in
1077 4134 1144 4228 fhl.
1178 4139 1294 4204 avoll.
1320 4135 1431 4227 Ulys-
1487 4131 1746 4205 Commentario
1797 4130 1932 4207 initium
1986 4129 2138 4217 faciunt,
2187 4133 2281 4234 prior

635 4249 749 4334 sepone
770 4262 1005 4334 an.ccxt1x,
1026 4248 1100 4320 Cltr.
1130 4262 1433 4319 mccccrrtxxrx.
1487 4242 1682 4342 majusculis
1728 4245 1856 4321 ornatis
1895 4245 2018 4321 litteris
2062 4241 2281 4352 elegantibus

714 4358 768 4429 Ex
799 4356 991 4464 exemplari
1011 4355 1107 4462 quod
1138 4355 1331 4462 possidebat
1352 4359 1428 4438 Jab·
1486 4354 1632 4431 totidem
1662 4354 1782 4462 ligneis
1812 4355 1938 4434 tabulis
1968 4356 2146 4462 insculptis
2176 4355 2279 4431 exhi·

518 4539 520 4548 ,
636 4463 820 4556 lonsltius,
879 4471 1067 4546 editionem
1120 4467 1210 4547 hanc
1265 4469 1427 4547 describit
1484 4467 1611 4558 betur,
1649 4495 1738 4574 quae
1780 4493 1813 4546 et
1843 4471 1908 4547 sub
1938 4472 2071 4547 initium
2101 4475 2281 4545 Numero·

634 4579 782 4656 Wolfiue
810 4583 844 4656 in
875 4607 915 4660 tv
945 4583 1176 4663 bibliothecae
1204 4609 1283 4659 suae
1326 4583 1428 4659 volu-
1485 4607 1562 4658 rum
1591 4607 1630 4658 ac
1659 4586 1920 4661 Deuteronomii
1950 4607 2158 4670 occurrunt,
2187 4582 2280 4659 alte-

634 4694 728 4769 mine
759 4720 796 4800 p·
823 4723 930 4796 920,
959 4695 1018 4774 ubi
1048 4721 1122 4771 eam
1153 4697 1275 4773 metito
1304 4697 1427 4802 appel·
1482 4721 1518 4769 ra
1558 4695 1747 4798 maioribus
1791 4697 1966 4804 quadratis
2010 4695 2194 4804 hispanicis
2239 4722 2278 4770 ac

633 4803 680 4880 lat
711 4805 936 4884 rarissimam.
976 4815 1022 4884 Ar
1045 4808 1079 4882 in
1104 4809 1324 4886 exscribenda
1353 4811 1427 4916 epi·
1483 4807 1743 4915 pulcherrimis,
1771 4812 1898 4917 quibus
1926 4810 2139 4918 reliquorum
2169 4808 2278 4902 libro·

633 4917 764 5028 graphe
790 4947 881 5026 quae
909 4945 1006 5018 estat
1034 4923 1099 4997 sub
1127 4921 1256 5009 finem,
1293 4925 1427 5030 gravis-
1483 4947 1559 4998 turn
1590 4949 1629 4998 ac
1659 4925 1851 5000 sectionum
1890 4925 1979 5000 tituli
2008 4925 2279 5032 exprimuntur.

633 5034 719 5109 sime
760 5032 1012 5111 hallucinatur.
1051 5036 1186 5111 Etenim
1227 5063 1336 5142 quum
1367 5037 1424 5112 illa
1481 5033 1621 5142 Duplici
1650 5061 1764 5112 autem
1783 5062 1916 5115 constat
1938 5037 2100 5114 columna
2122 5063 2162 5113 ac
2183 5035 2276 5112 dno-

638 5147 687 5248 36
718 5147 873 5226 versibus
901 5147 1232 5255 comprehendatur,
1262 5149 1348 5226 binis
1365 5177 1423 5228 co·
1480 5145 1545 5224 bus
1574 5149 1827 5240 voluminibus,
1857 5175 2007 5259 quornm
2032 5152 2183 5259 primurn
2203 5155 2282 5226 Ge·

631 5258 759 5337 loannis
787 5261 833 5337 ita
861 5261 1054 5370 dispositis,
1084 5286 1122 5338 ut
1145 5265 1326 5368 unicuique
1350 5289 1422 5340 uer·
1480 5263 1588 5337 uesitn
1618 5289 1652 5340 et
1692 5266 1854 5342 Erotium
1896 5293 1935 5342 ac
1963 5265 2045 5342 folia
2085 5291 2186 5362 152,
2219 5289 2278 5340 se·
2388 5277 2410 5298 ·“

632 5375 683 5450 sui
715 5377 837 5480 prioris
866 5376 1047 5454 columnae
1077 5375 1273 5452 immediate
1304 5401 1421 5453 uersus
1480 5377 1636 5452 cundum
1678 5403 1817 5457 ceteros
1858 5379 1965 5456 libros
1994 5405 2034 5458 ac
2071 5380 2154 5455 folia
2202 5381 2277 5474 148

631 5487 828 5594 rythmicos
857 5483 1052 5597 posterioris
1080 5490 1261 5580 succedat,
1291 5517 1328 5566 ut
1357 5491 1422 5568 lie·
1479 5489 1726 5595 complectitur
1748 5545 1760 5584 ,
1786 5517 2011 5600 vcomputato
2057 5492 2092 5570 in
2137 5491 2280 5568 secundi

632 5605 661 5679 ri
689 5603 775 5682 solet
804 5603 839 5679 in
868 5607 1031 5683 omnibus
1052 5605 1258 5688 ludaeorum
1279 5630 1419 5712 poema·
1476 5629 1610 5681 summa
1648 5605 1729 5681 albo
1773 5605 2001 5716 interposito,
2035 5605 2132 5714 quod
2161 5605 2276 5714 ipsum
