5146 7094
657 727 728 826 138
1102 722 1476 801 Aetnaeas
1533 677 1884 798 tran-Tra.

649 927 807 980 sevocat
834 922 1070 980 inretimur
1106 923 1358 974 commorantem
1379 905 1434 974 itit
1489 925 1543 974 an.
1579 901 1680 996 1516
1710 923 1745 972 et
1773 923 1826 976 xv
1853 895 1957 976 seculi
1984 895 2213 1004 dignoscitur,
2241 925 2279 978 ae

648 1024 808 1106 Pisauri,
834 1041 912 1091 eum
941 1011 1107 1099 edidisse,
1137 1039 1176 1088 ac
1192 1013 1220 1088 si
1239 1011 1299 1116 qui
1319 1014 1433 1088 Pisau·
1490 1014 1649 1088 Fanensis
1678 1012 1749 1117 ipsa
1777 1037 1795 1085 a
1825 1016 1981 1088 Getsone
2000 1011 2171 1088 elaborata
2188 1037 2279 1117 quae

648 1130 677 1204 ti
721 1154 802 1205 tunc
848 1126 1146 1216 commorabatur,
1176 1148 1290 1230 posset
1328 1124 1432 1204 libros
1488 1124 1523 1198 in
1554 1125 1654 1200 titulo
1683 1123 1832 1200 secunda
1866 1123 2012 1212 dicitur,
2042 1123 2110 1200 hoc
2137 1149 2208 1214 est,
2239 1149 2279 1203 ut

646 1240 749 1317 edere
777 1241 900 1316 CPoli.
930 1244 978 1314 lta
1009 1236 1194 1346 legendum
1222 1237 1349 1313 Pisauri
1372 1265 1434 1314 no·
1490 1237 1717 1344 interpretor,
1744 1236 1992 1324 Soncinatum,
2019 1235 2173 1312 ostendit
2201 1237 2278 1314 nul-

645 1380 750 1442 men,
778 1377 815 1430 ut
844 1351 949 1428 habet
988 1353 1117 1441 editio,
1156 1371 1432 1440 0001000,οῑ
1485 1348 1556 1424 lam
1584 1349 1687 1426 aliam
1719 1353 1956 1454 praecessisse,
1997 1350 2059 1425 nisi
2087 1349 2273 1426 contendas

644 1467 814 1550 Wollius,
855 1464 1012 1570 foliisque
1041 1465 1114 1570 ipsa
1153 1486 1285 1545 constat
1331 1493 1432 1568 231,
1486 1462 1672 1540 secundam
1691 1461 1758 1538 dici
1780 1465 1958 1550 Getsonis,
1980 1462 2143 1568 binasque
2164 1461 2274 1540 direr-

644 1605 713 1654 000
745 1607 779 1686 p.
809 1583 883 1664 60,
919 1601 956 1652 ut
985 1581 1011 1654 is
1041 1577 1129 1652 male
1158 1599 1339 1652 numerat.
1368 1577 1436 1658 Sed
1492 1601 1544 1652 sas
1591 1575 1838 1662 Soncinenses,
1871 1574 1969 1682 quod
2012 1575 2276 1682 improbabilem

644 1691 728 1768 haec
749 1693 885 1768 alterins
910 1715 990 1764 sunt
1018 1689 1084 1765 loci
1106 1715 1145 1764 ac
1167 1691 1351 1794 temporis,
1371 1717 1435 1768 nec
1492 1710 1560 1777 est,
1577 1687 1665 1764 binis
1682 1687 1842 1765 fratribus
1870 1690 2014 1768 Getsoni
2042 1717 2081 1766 ac
2099 1688 2273 1766 Salomoni

642 1831 704 1880 nos
733 1809 944 1881 Pisaurenses
973 1804 1134 1879 Getsonis
1172 1802 1340 1880 editiones
1369 1805 1432 1880 tal·
1486 1800 1602 1878 deberi
1620 1802 1763 1878 Fanensi
1782 1803 1931 1908 priores.
1960 1807 2079 1878 Nostra
2095 1800 2178 1877 baec
2195 1803 2275 1878 inci·

641 1916 857 1993 mudicorum
886 1915 1045 1992 codicum
1083 1916 1196 1992 obiter
1224 1943 1434 1994 commemo·
1488 1916 1540 2020 pit
1568 1913 1652 2009 folio
1680 1941 1778 1990 verso
1805 1914 1851 1990 ab
1877 1916 2024 1992 auctoris
2053 1913 2278 2022 praefatione,

639 2057 772 2120 ramus,
803 2030 866 2106 nisi
892 2053 929 2104 nt
947 2029 1219 2106 demonstremus
1247 2029 1349 2140 longe
1369 2031 1430 2110 ad·
1484 2052 1520 2104 et
1547 2025 1660 2103 indice
1688 2031 1703 2102 1
1730 2027 1876 2114 ordinis,
1906 2028 2017 2134 prima
2046 2029 2170 2136 pagina
2199 2055 2272 2105 rex·

638 2141 708 2220 huc
723 2143 836 2219 abesse
855 2168 971 2218 earum
988 2167 1157 2219 summam
1185 2167 1274 2248 quae
1303 2145 1430 2222 hucus-
1487 2163 1540 2216 tus
1565 2141 1625 2247 qui
1655 2138 1760 2216 indici
1788 2139 1962 2232 succedit,
1992 2165 2035 2216 eo
2063 2167 2188 2218 ornatu
2216 2141 2273 2218 in-

637 2281 705 2361 que
747 2282 847 2332 00000
883 2278 981 2340 sunt,
1016 2255 1060 2329 ab
1089 2281 1126 2330 ea
1162 2283 1265 2359 quam
1296 2261 1428 2335 Getson
1486 2255 1624 2330 struitur
1651 2255 1712 2358 qui
1741 2255 1775 2328 in
1805 2253 1916 2330 fronte
1945 2278 2042 2330 extat
2074 2255 2272 2332 Soncinen-

636 2370 772 2476 ipsein
810 2395 853 2444 eo
881 2367 981 2444 ritulo
1013 2373 1208 2445 constituit.
1258 2370 1429 2448 Undecirn
1485 2369 1530 2444 sis
1547 2366 1705 2444 editionis
1720 2364 1782 2447 iad
1802 2366 2021 2444 Maimonidis
2040 2369 2119 2443 anni
2149 2393 2271 2466 1490,

635 2483 727 2556 enim
756 2505 955 2588 supersunt,
984 2507 1130 2584 quarum
1163 2483 1324 2559 memoria
1354 2511 1429 2560 om·
1485 2478 1606 2556 iisdem
1636 2478 1730 2587 typis
1767 2479 1941 2587 quadratis
1979 2481 2052 2558 sive
2086 2482 2271 2586 majoribus

634 2595 686 2669 nis
716 2593 910 2680 intercidit,
944 2595 1030 2669 inter
1070 2621 1153 2700 quas
1182 2621 1216 2671 et
1246 2598 1427 2674 verisimile
1485 2593 1692 2681 initialibus,
1721 2592 1793 2669 sive
1822 2593 2013 2670 minoribus
2042 2619 2158 2670 textus
2185 2620 2271 2670 exa-

562 2741 566 2758 ·
633 2731 685 2782 est
714 2707 893 2783 nonnullas
920 2731 991 2782 esse
1019 2733 1108 2812 quae
1150 2709 1194 2784 ad
1237 2713 1427 2788 Soncinum
1482 2733 1555 2782 tata
1568 2731 1618 2782 est
1631 2731 1775 2812 utraque
1803 2704 1933 2798 editio,
1963 2731 2126 2812 tantaque
2142 2707 2177 2781 in
2193 2708 2295 2783 reli·'
2332 2721 2338 2740 ’

632 2845 673 2896 00
703 2841 759 2896 xv
785 2820 940 2896 seculum
972 2820 1176 2924 pertineant.
1480 2820 1557 2924 quis
1572 2841 1622 2895 est
1644 2821 1845 2910 consensio,
1868 2845 1906 2895 ut
1928 2817 2087 2897 dubitate
2110 2845 2172 2896 nos
2201 2847 2271 2896 non

942 2994 1099 3066 XXIV
1479 2935 1588 3020 sinat,
1627 2933 1710 3036 quin
1752 2933 1785 3008 10
1829 2932 1952 3009 eodem
1993 2935 2070 3009 loco
2108 2957 2143 3009 et
2182 2935 2271 3010 circa

1480 3045 1572 3122 idem
1610 3069 1749 3150 tempus
1786 3045 1899 3120 lucem
1937 3045 2082 3122 viderit·
2124 3049 2270 3154 Paginae

716 3165 763 3234 R.
793 3164 916 3237 larabi
957 3163 1016 3234 bert
1048 3167 1154 3238 Arcir
1196 3165 1291 3236 Arra
1321 3165 1422 3237 turim
1478 3161 1512 3234 in
1553 3159 1648 3234 binas
1691 3156 1867 3234 columnas
1907 3157 2060 3244 divisae,
2089 3161 2269 3266 signaturis

627 3295 684 3346 tttt
724 3280 971 3358 1V0rdirrtt,
1001 3284 1035 3346 itt
1069 3279 1136 3368 fol.
1178 3282 1247 3348 sitta
1274 3303 1361 3350 anno
1390 3303 1421 3352 ct
1478 3272 1686 3362 instructae,
1715 3269 1775 3345 sed
1804 3270 1906 3348 nullis
1935 3271 2086 3348 numeris
2115 3299 2156 3347 ac
2186 3273 2269 3348 titu-

626 3389 727 3471 locn,
758 3391 819 3458 sed
846 3391 984 3460 Sontini
1012 3397 1098 3460 ritca
1126 3392 1178 3460 rei
1201 3392 1318 3481 paullo
1348 3418 1419 3464 att-
1474 3385 1539 3476 lis,
1574 3385 1741 3490 inaequali
1780 3407 1973 3461 constantes
2003 3387 2169 3462 linearum
2199 3411 2267 3462 nu·

627 3519 659 3567 tt
688 3523 741 3568 atr.
770 3515 963 3583 mccccxc.
1240 3587 1244 3596 Ι
1475 3523 1594 3584 mero,
1620 3524 1679 3572 seu
1711 3495 1814 3572 modo
1843 3497 2036 3606 longiores,
2062 3498 2168 3573 modo
2191 3498 2267 3574 bre·

712 3607 782 3681 Diu
812 3610 1030 3714 multumque
1051 3607 1259 3714 exquirens,
1286 3609 1344 3685 sed
1375 3615 1419 3688 ir·
1475 3613 1608 3701 viores,
1637 3636 1674 3686 ut
1702 3611 1750 3684 ob
1777 3611 1844 3686 hoc
1873 3612 1988 3717 ipsum
2019 3611 2176 3687 videatur
2205 3639 2263 3688 no·

624 3716 690 3793 tito
720 3743 870 3807 conatu,
898 3720 995 3796 binas
1024 3721 1125 3824 liujus
1153 3724 1264 3827 operis
1292 3725 1417 3800 editio·
1471 3748 1538 3801 stra
1564 3723 1670 3800 altera
1698 3723 1755 3798 illa
1785 3722 1903 3830 paullo
1927 3725 2112 3832 antiquior.
2142 3725 2266 3834 Singu-

625 3855 708 3921 nes,
738 3835 984 3908 Soncinensem
1025 3859 1079 3908 an.
1116 3838 1210 3930 1481
1247 3863 1287 3911 ae
1314 3843 1414 3913 CPo·
1470 3836 1493 3910 li
1522 3837 1659 3912 ordines
1688 3861 1813 3912 noram
1848 3835 2017 3914 exhibent
2046 3835 2263 3944 plagulatum

622 3942 761 4020 liranam
803 3971 856 4021 an.
906 3973 1032 4042 1494,
1069 3948 1113 4022 de
1152 3976 1296 4052 quarum
1343 3952 1411 4028 fide
1468 3950 1783 4034 enumerationem,
1813 3949 1944 4055 primus
1984 3951 2067 4026 folia
2109 3953 2266 4027 continet

621 4056 844 4135 vehementer
883 4059 1105 4147 dubitabam,
1148 4065 1280 4138 tertiam
1320 4063 1410 4141 hanc
1469 4089 1544 4161 94,
1573 4061 1742 4140 secundus
1770 4071 1844 4150 80,
1874 4065 1992 4139 tertius
2017 4091 2092 4161 50,
2118 4089 2262 4168 quartus

622 4167 775 4276 ignotam
805 4172 948 4248 feliciter
977 4173 1156 4250 elatebris
1184 4175 1303 4251 diebus
1333 4205 1410 4282 pro-
1472 4179 1547 4251 126
1558 4229 1570 4267 ,
1601 4179 1772 4282 integrum
1801 4202 1889 4282 opus
1924 4199 2021 4278 350.
2052 4175 2106 4252 ild
2133 4176 2263 4254 calcem

619 4286 715 4360 xime
744 4287 867 4392 elapsis
894 4287 967 4361 erui
996 4287 1310 4363 aSalomonelilio
1333 4296 1409 4366 Mo·
1465 4290 1566 4394 primi
1595 4290 1755 4395 leguntur
1795 4287 1880 4364 haee
1919 4310 2012 4366 triens
2049 4288 2263 4367 ’110οΞ100

618 4395 662 4472 sis
701 4403 884 4475 Soncinate
926 4399 1054 4505 absque
1104 4427 1194 4476 0000
1233 4428 1267 4477 et
1309 4402 1406 4496 loco,
1464 4423 1583 4480 rurba
1611 4401 1669 4479 isi
1707 4425 1781 4480 000
1810 4407 1948 4478 Finitus
1976 4428 2025 4478 est
2051 4413 2178 4500 primus
2211 4431 2265 4476 ot·

616 4508 675 4584 sed
717 4513 856 4586 Soncini
885 4513 971 4587 circa
1011 4539 1139 4587 annum
1190 4539 1291 4612 ¹490
1330 4543 1408 4621 pto·
1464 4521 1520 4604 do,
1542 4522 1615 4591 laras
1635 4522 1713 4590 Deo
1733 4514 1954 4620 toli,panllo
1974 4514 2266 4610 infra-prumiam

615 4647 789 4712 curatam,
828 4650 874 4699 ex
910 4651 979 4728 qua
1019 4625 1198 4700 verisimile
1232 4625 1327 4702 valde
1356 4656 1406 4706 est
1464 4635 1659 4724 Confirmata
1687 4655 1718 4704 tt
1747 4633 1973 4725 confirmemus
2002 4656 2087 4719 nos,
2128 4652 2268 4732 postte-

615 4734 867 4810 Bartoloccium
898 4739 1044 4840 priorem
1076 4738 1168 4812 illam
1198 4740 1275 4813 anni
1303 4745 1398 4836 1481
1446 4768 1522 4838 ,mo
1558 4739 1597 4818 11
1633 4763 1732 4834 psum
1775 4763 1855 4840 putu
1885 4761 1974 4818 ’1300
2015 4761 2047 4835 r]
2087 4738 2185 4818 uoltu
2215 4763 2266 4818 *ru

613 4873 703 4954 quae
731 4875 814 4922 non
855 4873 972 4935 extat,
1009 4851 1210 4940 confixisse,
1249 4857 1406 4957 quamvis
1463 4861 1539 4953 Ego
1567 4862 1725 4930 Salomon
1751 4860 1849 4951 filius
1881 4863 1964 4929 sotii
1992 4861 2120 4931 rabbini
2148 4861 2266 4930 Moris

614 4989 677 5038 nec
706 4987 724 5034 a
755 4961 918 5036 Getsonis
948 4965 1249 5068 progenitoribus,
1279 4990 1316 5039 ut
1348 4969 1404 5074 ip·
1460 4976 1597 5043 Sontini
1620 4973 1683 5063 sti.
1722 4995 1815 5042 mem.
1847 4966 1984 5072 Reliqui
2016 4967 2112 5044 omni
2142 4991 2266 5044 carent

611 5103 648 5168 se
679 5074 811 5181 inquit,
840 5073 924 5148 fa'cta
953 5075 1015 5158 sit,
1043 5075 1099 5150 sed
1123 5077 1168 5152 ab
1189 5083 1260 5179 ejus
1283 5077 1398 5167 fratre,
1459 5081 1677 5187 epigraphe,
1714 5083 1817 5178 etiam
1867 5105 2028 5157 consueta
2081 5080 2260 5158 clausula.

613 5215 676 5266 nec
704 5189 746 5262 acl
776 5215 855 5264 eum
885 5213 1012 5263 annum
1044 5189 1226 5293 pertineat.
1255 5194 1289 5266 Si
1307 5193 1397 5266 enirn
1456 5198 1590 5269 Textus
1619 5193 1743 5270 intacta
1766 5195 1849 5270 sistit
1871 5194 1946 5268 loca
1974 5195 2257 5287 anticlrristiana,

611 5303 828 5380 Soncinensis
857 5305 910 5379 rel
940 5305 1162 5378 Soncinatum
1193 5303 1306 5409 aliqua
1328 5307 1400 5380 edi·
1454 5333 1542 5410 quae
1571 5331 1685 5382 tamen
1716 5309 1749 5382 in
1781 5332 1896 5382 nostro
1926 5305 1994 5384 hoc
2036 5307 2251 5412 exemplati,

610 5419 660 5492 tin
703 5416 903 5492 Bartoloccii
947 5417 1052 5492 errori
1106 5443 1221 5492 ansam
1275 5417 1396 5507 dedit,
1452 5419 1596 5496 raritatis
1643 5443 1721 5496 vere
1761 5445 1936 5496 extremae
1988 5445 2024 5498 et
2071 5423 2254 5528 hucusque

609 5533 702 5608 nulla
730 5529 796 5606 alia
826 5555 957 5636 praeter
986 5531 1075 5607 hanc
1104 5557 1183 5608 ante
1209 5535 1394 5607 Fanensem
1452 5533 1577 5618 unico,
1605 5557 1793 5611 atramento
1822 5533 1936 5611 deleta
1964 5559 2065 5612 sunt.
