5096 7076
586 757 637 830 66
994 751 1363 827 ANNALES
1413 747 1765 821 ΗΕΒ-ΠΡ.

585 929 829 1038 multiplicavit
867 927 973 1004 robur
1000 925 1057 1016 ei,
1086 924 1144 1004 cui
1174 949 1242 1000 uon
1275 946 1371 999 eraut
1428 919 1539 998 David
1572 920 1659 995 filius
1700 922 1739 992 R.
1783 915 1877 992 Eliae
1917 915 2084 1006 Levitae,
2121 922 2222 1022 eujus

585 1049 690 1136 vires,
708 1043 924 1152 dignumque
947 1065 1002 1114 me
1018 1037 1098 1114 fecit
1119 1038 1290 1144 corrigere
1308 1037 1371 1111 bos
1429 1033 1593 1141 praefatio
1621 1032 1746 1140 legitur
1775 1031 1841 1105 sub
1879 1029 2017 1104 initium
2048 1027 2224 1108 Cholina

584 1157 674 1232 duos
709 1178 871 1232 tractatus
916 1151 1105 1260 margaritis
1137 1148 1375 1256 pretiosiores,
1431 1147 1531 1222 nobis
1558 1147 1713 1252 superius
1742 1145 1869 1230 relata,
1901 1143 1935 1217 in
1965 1169 2033 1249 qua
2063 1167 2098 1218 et
2129 1149 2225 1220 Mar·

586 1297 674 1377 quos
685 1270 896 1375 quicumque
912 1265 1034 1354 videt,
1062 1263 1221 1340 ardenter
1237 1288 1296 1338 eos
1314 1288 1375 1368 ap-
1430 1258 1604 1337 docbaeus
1649 1282 1761 1334 noster
1799 1282 1975 1362 tamquam
2028 1259 2061 1332 in
2102 1283 2225 1334 corre-

583 1384 691 1490 petit.
720 1381 871 1458 Finitum
890 1403 993 1485 porro
1015 1402 1066 1454 est
1086 1403 1176 1484 opus
1196 1375 1300 1450 bodie
1317 1373 1374 1451 die
1431 1374 1554 1450 ctionis
1571 1397 1702 1478 partem
1733 1368 1883 1446 adscitus
1912 1367 2131 1461 nominatur,
2164 1371 2225 1446 ad·

583 1520 669 1572 xxv
698 1493 824 1569 mensis
850 1520 891 1568 av
932 1517 1023 1566 anno
1050 1501 1108 1589 qur·
1132 1493 1285 1586 perficit,
1313 1513 1372 1564 seu
1429 1486 1503 1562 dito
1525 1510 1562 1563 ut
1591 1485 1736 1561 familiae
1757 1485 1962 1591 cognomine
1988 1481 2224 1588 Basla‚quod

585 1632 725 1684 ccxrtrt
771 1605 913 1682 minoris
956 1630 1060 1710 supp.
1103 1601 1274 1678 Dominus
1313 1603 1373 1707 qui
1430 1598 1474 1676 ad
1504 1599 1633 1676 calcem
1664 1596 1765 1699 ltujus
1795 1623 1930 1672 nostrae
1947 1596 2146 1703 epigraphis
2162 1623 2225 1674 ex·

584 1721 717 1828 perficit
740 1719 775 1794 id
798 1716 890 1823 quod
920 1718 1028 1806 dicit,
1055 1719 1087 1790 in
1119 1716 1373 1822 generationem
1432 1711 1593 1820 primitur
1625 1738 1686 1819 per
1715 1707 1812 1787 subtus
1840 1729 1902 1788 tuuc
1942 1707 1992 1784 vir
2021 1709 2141 1797 anla,
2171 1709 2225 1788 vel

584 1861 619 1909 er
661 1835 940 1943 generationem,
985 1829 1155 1906 illuminet
1197 1826 1372 1903 lucernam
1430 1825 1650 1913 Basileensis,
1692 1821 1879 1900 ueletiam
1919 1821 2063 1910 Bozoli‚
2103 1823 2225 1929 oppidi

582 1973 759 2038 nostram,
799 1970 833 2021 et
863 1943 1043 2051 splendere
1087 1940 1189 2018 faciat
1219 1941 1374 2024 tenebras
1431 1941 1581 2017 Soucino
1624 1935 1799 2046 proximi,
1839 1963 1948 2042 quum
1980 1961 2081 2042 saepe
2121 1937 2225 2012 eriam

583 2087 713 2138 nostras
751 2085 842 2135 anno
880 2066 1029 2134 Lucerna
1059 2060 1076 2153 (
1103 2081 1164 2131 seu
1191 2062 1298 2153 εει)
1325 2079 1376 2130 est
1431 2053 1536 2158 aleph
1568 2079 1630 2158 pro
1659 2078 1725 2128 vau
1756 2049 1892 2124 cholem
1926 2073 2065 2125 utantur
2088 2049 2225 2130 Iudaei.

577 2201 790 2270 praeceptam
820 2199 852 2248 ιι
879 2179 940 2247 lex
965 2177 1099 2257 lumen,
1123 2167 1183 2273 qui
1214 2167 1374 2276 proxime
1429 2171 1525 2242 Patet
1566 2191 1681 2242 autem
1721 2190 1766 2240 ex
1797 2163 2040 2270 posterioribus
2081 2161 2226 2238 Mardo-

556 2287 748 2365 'venturus
776 2311 825 2362 est
855 2287 888 2360 in
912 2285 1042 2359 bonum
1068 2308 1169 2387 super
1190 2306 1272 2370 tros,
1297 2283 1376 2356 mit·
1432 2279 1528 2357 chaei
1553 2278 1665 2355 verbis
1684 2276 1824 2352 Davidis
1853 2275 2099 2382 praefationem
2120 2277 2224 2352 etiam

583 2425 702 2506 ratque
732 2398 832 2476 nobis
860 2397 971 2474 filium
993 2394 1106 2472 David
1129 2396 1285 2469 Messium
1309 2421 1376 2470 no-
1431 2417 1567 2468 nostrae
1608 2391 1691 2470 huic
1729 2389 1872 2464 editioni
1910 2414 1981 2464 esse
2013 2389 2225 2495 praefixam,

581 2538 690 2590 strum
707 2569 717 2602 ,
734 2535 915 2620 congreget
945 2509 1107 2615 depulsos
1136 2506 1258 2592 lsrael,
1283 2508 1376 2582 aedi·
1432 2534 1536 2612 quam
1566 2531 1681 2612 reapse
1713 2504 1819 2610 prima
1860 2500 2034 2609 signatura
2062 2504 2228 2608 requirit,

581 2627 663 2702 ficet
692 2625 885 2702 aedilicium
907 2624 1052 2728 templi,
1072 2620 1292 2726 deducatque
1313 2647 1376 2696 uos
1433 2621 1512 2696 licet
1555 2621 1589 2695 iu
1635 2644 1750 2695 oostro
1792 2617 2004 2724 exemplari,
2043 2616 2224 2722 hucusque

581 2740 624 2814 ad
657 2739 779 2817 urbem
809 2737 967 2822 fidelem,
990 2732 1286 2841 quemadmodum
1319 2734 1373 2806 di·
1431 2736 1554 2827 unico,
1585 2730 1817 2809 desideretur.

580 2878 678 2928 ctum
707 2877 779 2938 est,
797 2877 831 2928 et
851 2849 1021 2954 redempti
1051 2848 1192 2923 Domini
1212 2845 1373 2923 redibunt
1730 2903 1926 2977 XXVII

580 2991 614 3042 er
646 2967 783 3044 venient
813 2963 856 3040 ad
884 2964 967 3040 Sion
997 2963 1032 3036 in
1062 2960 1195 3036 cantico
1223 3011 1265 3050 „.

669 3077 942 3154 Confundendus
983 3101 1050 3150 nou
1080 3099 1132 3150 est
1162 3099 1244 3150 cunt
1274 3072 1378 3176 priori
1521 3080 1569 3150 R·
1598 3079 1791 3169 Kalonymt'
1812 3077 1881 3168 filii
1913 3075 2103 3168 Kalonymi
2133 3077 2229 3150 Evett

582 3194 751 3300 posterior
782 3191 840 3267 lric
869 3215 1004 3278 annus,
1036 3213 1106 3294 quo
1136 3212 1258 3262 votum
1287 3210 1377 3259 con·
1435 3190 1559 3261 boclam
1598 3215 1655 3262 seu
1699 3193 1788 3280 lapis
1827 3190 1965 3283 lydius,
2009 3197 2042 3258 in
2074 3215 2110 3280 4.
2148 3197 2229 3260 min.

582 3307 711 3382 tinetur
738 3309 838 3382 toties
867 3330 885 3379 a
915 3301 1052 3384 Indaeis
1082 3303 1239 3375 iteratum
1267 3324 1306 3372 ac
1324 3322 1376 3373 to·
1434 3309 1542 3396 Ncrp.
1561 3327 1616 3375 ar.
1638 3321 1806 3382 ccxrrx.
1830 3305 2228 3377 Clanrrccccaxrrrrrx.

581 3419 645 3494 ties
676 3419 901 3504 frustratum,
931 3441 994 3491 nec
1034 3414 1100 3488 ulla
1132 3437 1282 3518 unquam
1312 3435 1375 3486 ae·
1518 3421 1636 3512 Quum
1677 3414 1822 3489 Wolfius
1861 3437 1990 3488 annum
2032 3438 2075 3513 et·
2112 3412 2228 3490 locum

581 3555 650 3606 rate
679 3529 962 3636 adimplendum.
1004 3527 1104 3602 Hisce
1143 3525 1256 3602 verbis
1284 3550 1374 3599 cor·
1431 3529 1565 3604 nonnisi
1595 3525 1697 3602 dorso
1737 3527 2067 3634 Oppenlreimeriani
2112 3553 2230 3606 exem-

581 3668 714 3732 rector‚
755 3639 815 3749 qui
855 3641 1030 3745 loquitur,
1065 3641 1125 3744 qni
1155 3664 1203 3714 est
1235 3637 1376 3714 Mardo-
1434 3642 1481 3745 pli
1525 3667 1626 3716 manu
1668 3665 1823 3715 notatum
1868 3664 2045 3716 testaretur
2087 3640 2154 3716 vol.
2185 3665 2226 3716 111

579 3757 711 3832 cbaeus
741 3756 864 3831 Gallus
892 3754 980 3828 filius
1020 3758 1060 3828 R.
1089 3751 1234 3837 llttbeu,
1275 3751 1376 3825 bina·
1433 3781 1468 3858 p.
1498 3779 1607 3852 970,
1646 3778 1686 3828 ac
1715 3753 1838 3828 frustra
1867 3779 1925 3827 eos
1970 3753 2004 3827 in
2035 3753 2227 3856 exemplari

578 3897 656 3946 rum
688 3870 857 3945 linearum
899 3868 1011 3974 spatio
1051 3866 1273 3972 interposito,
1311 3863 1376 3940 alia
1433 3867 1510 3972 ipso
1548 3867 1773 3972 quaesivisse,
1811 3893 1878 3974 ego
1918 3865 2058 3972 quidem
2089 3869 2226 3942 trullum

578 3985 749 4087 subjecir,
781 3985 815 4057 in
845 3984 973 4086 quibus
1002 4003 1143 4055 testatur
1174 3976 1377 4082 fuissequi·
1434 4005 1551 4057 revera
1582 3980 1700 4055 baberi
1728 3979 1812 4055 olim
1843 3979 2027 4056 arbitratus
2064 4006 2140 4082 sum
2172 3985 2226 4054 De

578 4097 660 4172 dem
690 4121 858 4202 superse
888 4119 1030 4168 ntanum
1062 4093 1202 4168 Domini
1233 4096 1266 4167 iu
1288 4115 1376 4195 ope·
1433 4090 1512 4169 heb.
1544 4117 1619 4201 typ.
1649 4094 1733 4200 orig.
1772 4120 1848 4200 pag.
1879 4097 1958 4191 69,
1995 4120 2039 4169 ex
2070 4095 2229 4170 Scabtaci

578 4235 615 4285 re
645 4211 725 4286 hoc·
742 4209 888 4297 divino,
919 4208 1205 4313 praestantissimo
1226 4233 1266 4280 ac
1288 4231 1374 4310 pur·
1430 4210 1533 4282 etiam
1565 4207 1632 4283 fide
1672 4233 1711 4282 ac
1741 4208 1961 4298 testimonio,
2000 4210 2061 4311 qui
2090 4207 2223 4282 editio·

577 4325 772 4432 gatissimo,
802 4325 859 4398 sed
894 4323 1113 4427 praecipuam
1133 4326 1207 4424 ejus
1236 4317 1373 4394 laudem
1431 4345 1509 4394 nem
1542 4319 1630 4398 banc
1659 4345 1825 4396 memorat
1856 4319 1889 4394 in
1929 4319 2035 4396 Scire
2062 4319 2227 4421 jescenim

577 4465 618 4512 ac
648 4451 778 4544 partem
810 4435 928 4512 deberi
958 4435 1157 4511 doctissimo
1186 4436 1281 4518 viro,
1309 4459 1374 4508 cu·
1431 4459 1508 4540 pag.
1547 4459 1557 4508 r
1594 4433 1659 4510 sub
1687 4433 1759 4508 sola
1789 4454 1837 4528 tta*
1865 4455 1942 4510 ovar
1981 4459 2038 4508 seu
2069 4445 2228 4530 antiquae

576 4553 630 4650 jus
660 4577 786 4626 nomen
817 4549 882 4626 sub
913 4546 1046 4622 initium
1087 4549 1265 4651 utriusque
1306 4569 1375 4622 tra·
1430 4553 1586 4623 editionis
1622 4546 1883 4651 designatione.
1926 4552 2046 4646 Quum
2086 4570 2230 4634 tamen,

577 4687 690 4738 cratus
730 4661 839 4739 uidua
879 4685 912 4735 et
944 4661 1069 4736 Cltolln
1098 4684 1149 4734 εει
1178 4665 1374 4768 signatum,
1430 4659 1654 4764 inquiebam,
1695 4659 1815 4735 iisdem
1846 4661 1942 4768 typis
1970 4683 2130 4764 expressa
2161 4659 2229 4749 sit,

542 4802 684 4882 ⁴quem
714 4775 821 4850 titulis
849 4797 883 4849 et
906 4773 1371 4876 ltonoribuscumulat,qui
1428 4775 1556 4877 quibus
1594 4798 1775 4879 expressus
1814 4799 1863 4849 εει
1903 4771 2049 4850 Cbovad
2090 4771 2227 4848 alleva-

578 4890 756 4994 exemplar
793 4888 944 4963 correxit
983 4913 1023 4962 ac
1053 4909 1145 4962 recte
1182 4885 1373 4992 disposuit,
1432 4885 1516 4960 vbtlt
1544 4887 1685 4992 Neapoli
1715 4885 1830 4962 editus
1868 4913 1960 4961 anno
1998 4909 2128 4985 1490,
2155 4911 2225 4960 uon

579 5028 616 5079 se
646 5027 728 5076 vero
758 5002 892 5075 uouuisi
923 5004 998 5103 ejus
1020 5001 1170 5108 vestigiis
1192 5001 1370 5091 institisse,
1429 4997 1538 5090 inanis
1567 5026 1603 5075 et
1633 4999 1781 5075 insoleus
1811 4999 1968 5076 habenda
2011 5023 2061 5077 est
2090 5021 2128 5072 ea
2158 4997 2226 5072 loci

578 5140 617 5191 ur
659 5116 838 5221 impressas
879 5112 1031 5221 plagulas
1071 5113 1291 5199 emendaret,
1321 5139 1371 5189 ter
1428 5137 1462 5188 et
1492 5115 1570 5188 anni
1611 5120 1837 5216 conjectura,
1873 5139 1979 5219 quam
2017 5109 2229 5217 Oppenhei·

510 5295 511 5298 ,
579 5229 695 5335 legens
722 5252 758 5322 et
786 5227 829 5302 ab
871 5226 1044 5303 erroribus
1073 5252 1269 5334 expurgans
1298 5229 1373 5300 sin·
1429 5227 1514 5300 meri
1562 5227 1741 5332 exemplar
1787 5225 1978 5304 referebat.
2025 5235 2072 5302 Αι
2127 5247 2226 5300 extat
2288 5240 2290 5251 ’

578 5342 677 5452 gulas
707 5340 906 5426 columnas,
936 5364 1120 5445 autequam
1153 5339 1268 5447 praelo
1290 5340 1371 5418 sub·
1429 5366 1545 5444 reapse
1574 5343 1616 5444 in
1639 5342 1789 5416 editione
1821 5365 1987 5444 uterque,
2027 5363 2064 5416 ut
2092 5358 2226 5414 constat

579 5459 818 5533 mitterentur.
845 5457 980 5530 Primus
1010 5456 1065 5530 ille
1094 5481 1369 5542 corrector‚cu·
1426 5479 1470 5528 ex
1511 5457 1731 5562 integerrimo
1772 5453 1983 5557 exemplari,
2026 5449 2120 5558 quod
2161 5451 2226 5526 diu

577 5575 631 5675 jus
661 5596 787 5647 nomeu
819 5569 1072 5647 Mardocbaeus
1099 5569 1236 5658 reticet,
1257 5594 1308 5644 est
1327 5573 1368 5645 lt.
1425 5567 1571 5644 olimae
1600 5567 1724 5648 riustra
1752 5571 1950 5676 quaesitum
1979 5569 2120 5646 taudem
2151 5563 2226 5640 col·
