5146 7094
1605 557 1640 572 ,ιιι

1088 679 1455 758 ANN'ALBS
1514 680 1867 752 tren-Tra.

976 919 1091 990 XIV
1491 877 1619 930 mutata
1649 851 1704 930 vel
1734 851 1843 928 refusa
1872 848 1984 928 littera
2013 871 2058 939 et,
2088 851 2278 960 incipitque

1246 1035 1308 1082 f
1489 967 1532 1044 ab
1561 967 1672 1043 indice
1712 977 1976 1073 responsorum,
2014 965 2076 1070 qui
2124 992 2167 1066 13
2199 965 2280 1042 folia

721 1095 758 1164 R
807 1091 995 1178 Salomonis
1031 1090 1100 1181 filii
1145 1086 1332 1181 Alfaterni
1361 1085 1434 1176 filit·
1488 1105 1672 1190 occupat,
1703 1079 1886 1186 praemisso
1927 1079 2051 1186 partim
2094 1077 2279 1177 majoribus

637 1209 790 1290 Addred,
818 1205 1003 1274 litteratam
1034 1202 1226 1296 compendio
1253 1200 1351 1292 ttulgo
1381 1199 1431 1270 di·
1486 1195 1630 1282 litteris,
1672 1193 1800 1299 qulbus
1841 1215 1877 1268 et
1904 1190 2089 1297 cujuslibet
2130 1185 2310 1300 responsi'

636 1329 681 1392 ιιι·
710 1317 857 1402 Arisba,
893 1316 1080 1388 Tescnvotlt
1102 1339 1159 1388 sen
1181 1317 1357 1405 Responsa
1385 1313 1431 1404 ad
1486 1332 1651 1386 numeras
1677 1331 1712 1384 et
1742 1304 1925 1384 exordium
1954 1306 2184 1411 exprimitur,
2203 1333 2278 1412 par·

635 1438 796 1504 rariorum
840 1436 1012 1525 qttaest’ta,
1053 1435 1087 1499 in
1118 1453 1154 1520 4.
1181 1435 1252 1498 st'nr
1280 1448 1367 1496 anno
1397 1445 1431 1496 er
1486 1424 1557 1499 tim'
1591 1419 1780 1498 minoribus
1818 1418 1920 1495 titulo
1960 1417 2092 1498 ntbttttt
2129 1441 2279 1500 rutatum

634 1548 732 1626 loco,
761 1565 837 1614 ante
868 1557 1127 1614 sacceam.
1484 1533 1661 1616 tt'atttn'rtb.
1689 1536 1833 1643 Pagioae
1852 1531 1978 1608 habent
1996 1530 2101 1610 lineas
2125 1559 2197 1630 24,
2217 1533 2276 1612 sed

721 1661 894 1730 Postrema
933 1678 977 1727 ex
1006 1648 1179 1756 quadratis
1219 1645 1429 1724 editionibus
1485 1651 1595 1726 nullas
1632 1649 1844 1758 signaturas,
1884 1670 2067 1735 numeros,
2096 1645 2278 1735 custodes,

635 1794 722 1873 quas
752 1791 819 1840 tres
849 1763 896 1839 illi
928 1763 1073 1840 Romani
1103 1760 1313 1870 typographi
1335 1761 1430 1837 Oba·
1485 1761 1675 1868 eademque
1702 1763 1737 1837 in
1777 1761 1842 1838 hac
1870 1757 2004 1835 critetia
2040 1785 2131 1866 quae
2160 1761 2194 1836 iu
2223 1786 2278 1836 rc·

635 1881 729 1966 dias,
758 1882 926 1954 Manasses
954 1901 989 1952 et
1026 1874 1202 1952 Beniamin
1240 1874 1431 1975 conjunctis
1486 1876 1608 1982 liquis,
1635 1874 1879 1952 observantur.
1910 1875 2083 1978 Responsa
2109 1899 2187 1951 sunt
2215 1900 2280 1952 ntr-

636 1987 765 2068 viribtis
793 2011 1044 2096 procurarunt,
1079 2011 1262 2096 suppresso
1291 1986 1337 2062 in·
1354 2014 1431 2064 otn-
1486 2017 1583 2066 meto
1604 2015 1707 2088 420,
1729 2015 1818 2096 quae
1840 1987 1930 2064 foliis
1949 1983 2173 2064 absolvuntur
2201 1989 2274 2076 160

637 2106 740 2182 nibus
768 2130 859 2179 anno
894 2127 929 2179 et
960 2103 1060 2194 loco,
1093 2126 1126 2177 et
1157 2102 1191 2175 in
1221 2097 1432 2177 fere'omni·
1487 2101 1543 2180 vel
1580 2106 1678 2191 162,
1717 2101 1903 2180 numeratis
1941 2099 2029 2176 binis
2066 2099 2153 2177 albis
2192 2127 2279 2208 quae

636 2219 700 2298 bus
728 2223 830 2292 etiam
863 2215 1005 2322 proprio
1035 2214 1200 2290 nomine.
1228 2213 1428 2291 Rarissimae
1485 2215 1550 2294 sub
1579 2215 1716 2293 initium
1745 2243 1785 2294 ac
1824 2215 1929 2291 finem
1968 2237 2110 2302 extant,
2147 2214 2278 2319 hacque

636 2331 738 2430 huius
765 2328 942 2414 editionis,
964 2331 1063 2431 cujus
1085 2328 1163 2404 bina
1184 2325 1430 2405 diversistem·
1485 2328 1694 2438 epigraphe:
1733 2349 1798 2423 tnta
1826 2349 1894 2420 'nna
1928 2347 2027 2422 tamn
2067 2347 2173 2405 tunna
2211 2349 2278 2420 pn:

636 2444 777 2554 poribus
804 2443 939 2518 detecta
968 2468 987 2518 a
1015 2442 1116 2519 nobis
1142 2466 1224 2516 sunt
1251 2465 1285 2518 et
1307 2442 1429 2549 acqui·
1486 2441 1588 2522 tulna
1618 2463 1715 2522 rm*
1746 2462 1866 2525 rmstt
1895 2463 2004 2520 mentre
2032 2436 2105 2534 nteit
2133 2461 2178 2518 n>
2207 2439 2282 2542 xpo

635 2559 697 2636 sita
725 2555 907 2662 exempla,
935 2553 1243 2662 profundissimum
1264 2557 1356 2660 apud
1376 2554 1428 2631 bi·
1485 2553 1602 2637 rt'atttnb
1627 2555 1690 2636 ta'rt
1719 2554 1771 2634 nn
1799 2609 1821 2645 „
1851 2553 2055 2632 Benedictus
2092 2555 2283 2631 misericors

636 2669 857 2778 bliographos
886 2693 958 2745 esse
987 2667 1162 2744 silentium
1190 2667 1428 2746 adnotavimus
1484 2671 1546 2775 qui
1573 2669 1708 2773 adjuvit
1747 2695 1830 2746 nos.
1872 2669 2078 2744 Benedictus
2118 2669 2180 2773 qui
2219 2668 2279 2745 dat

635 2783 669 2859 in
700 2783 819 2859 libello
857 2785 909 2858 De
953 2779 1134 2858 hebraicae
1175 2805 1314 2888 typogt.
1341 2783 1430 2893 orig.
1484 2781 1572 2860 fesso
1602 2784 1764 2860 virtutem
1793 2805 1828 2858 et
1866 2783 1921 2859 cui
1953 2784 2041 2858 trites
2077 2805 2146 2856 non
2175 2803 2281 2874 sunt,

637 2923 671 3003 p.
704 2899 779 2984 66,
813 2917 991 2971 tnonentes
1027 2919 1125 2981 eam,
1153 2919 1257 2999 quarn
1288 2918 1429 2972 testatur
1487 2895 1592 2972 robur
1620 2895 1740 2972 addit.
1767 2897 1876 2972 Finita
1904 2917 1984 2972 sunt
2015 2897 2097 2968 haec
2126 2897 2284 3002 Respon-

586 3061 588 3069 ,
637 3008 780 3085 Wolfins
809 3032 894 3085 totn.
923 3033 965 3084 ιιι
996 3035 1074 3116 pag·
1110 3033 1211 3084 1020
1243 3006 1366 3086 vidisse
1395 3012 1429 3086 in
1485 3035 1521 3084 sa
1550 3035 1589 3085 ac
1616 3007 1768 3116 quaesita
1797 3014 1837 3088 tt.
1866 3008 2059 3086 Salomonis
2088 3005 2154 3084 beu
2185 3010 2282 3086 Ade-

636 3122 906 3228 Oppenheimeti
938 3121 1168 3212 bibliotheca,
1196 3144 1240 3195 ert
1270 3119 1371 3198 titulo
1390 3149 1429 3200 ac
1486 3119 1547 3198 ted
1578 3173 1622 3210 „.

635 3236 797 3312 soliorum
836 3259 969 3312 summa
1015 3233 1060 3310 ab
1105 3232 1168 3308 hac
1209 3257 1321 3310 nostra
1358 3261 1428 3312 esse
1839 3297 1922 3370 XV

635 3345 921 3439 diversissimam,
949 3371 1052 3453 atque
1081 3370 1101 3421 a
1130 3346 1257 3422 Wolfio
1287 3347 1362 3454 ipso
1382 3349 1427 3426 ad

635 3462 863 3538 recentiorem
891 3484 1038 3537 aetatem
1066 3458 1174 3537 er-ad
1199 3459 1322 3565 Ripam
1351 3463 1428 3538 Tri·
1541 3467 1615 3548 ¹R.
1646 3465 1757 3536 Moris
1788 3465 2009 3538 Maimont‘dt's
2040 3466 2108 3538 lad
2137 3465 2280 3559 cltrqnlrd

635 3572 753 3661 denti,
795 3573 855 3650 ubi
898 3596 1011 3649 tamen
1054 3571 1148 3678 quod
1187 3573 1293 3648 sciam
1335 3573 1428 3650 nulla
1484 3599 1540 3649 sen
1570 3579 1696 3651 Momm
1719 3579 1853 3670 sortis,
1882 3586 1915 3650 in
1941 3580 2006 3673 sol.
2035 3604 2127 3650 max.
2161 3580 2284 3651 aroll.

635 3688 721 3762 facta
751 3711 829 3779 est,
858 3684 1055 3762 amandari.
1094 3683 1314 3762 Bononiensis
1343 3686 1428 3762 forte
1484 3697 1556 3762 sine
1584 3717 1668 3764 anno
1699 3715 1731 3764 et
1760 3695 1854 3764 loco.
1884 3683 1892 3694 ’

521 3795 526 3800 ’
634 3800 843 3891 haeserat,
883 3817 972 3906 quae
1015 3823 1133 3906 reapse
1170 3800 1273 3875 inea
1304 3798 1427 3877 biblio-
1568 3806 1607 3875 ln
1638 3801 1716 3878 bina
1757 3801 1931 3876 volumina
1972 3785 2143 3876 dividitur
2180 3825 2280 3906 prae·

635 3913 733 3989 theca
763 3937 882 4004 extat,
910 3911 970 3989 sed
1013 3936 1108 3988 extat
1143 3912 1255 4012 etiam¹
1291 3939 1427 4002 nostra,
1484 3913 1686 3992 stantissitna
1715 3941 1754 3989 ac
1784 3914 1950 3990 rarissima
1983 3915 2066 3990 haec
2101 3911 2278 3997 etlitio,a

635 4051 673 4103 ut
704 4051 796 4136 patet
839 4051 884 4101 err
912 4025 1008 4103 edito
1047 4031 1119 4128 eJus
1160 4023 1325 4134 Catalogo
1365 4027 1425 4104 fol.
1484 4025 1583 4102 nohis
1623 4027 1706 4104 olim
1752 4024 1887 4104 detecta
1925 4051 1988 4103 nec
2017 4025 2062 4101 ab
2101 4024 2172 4100 nllo
2200 4029 2283 4100 scri·

633 4167 712 4236 44,
748 4165 782 4215 et
813 4140 910 4216 unica
946 4137 1089 4244 quidem
1117 4164 1204 4244 quae
1233 4165 1360 4216 annum
1390 4165 1426 4216 et
1484 4163 1585 4244 ptore
1615 4167 1816 4230 memorata,
1846 4165 1881 4217 et
1910 4141 1944 4214 in
1976 4140 2073 4216 binas
2101 4136 2281 4215 columnas

631 4253 747 4330 locum
789 4279 858 4330 non
902 4252 1063 4341 definiat,
1104 4255 1191 4329 adeo
1226 4277 1263 4328 nt
1309 4254 1426 4330 errarit
1482 4279 1628 4357 quarum
1660 4279 1884 4360 unaquaeque
1914 4252 2011 4329 lineis
2040 4275 2173 4329 constat
2205 4253 2279 4350 63.

631 4366 787 4472 profecto
828 4365 972 4440 Wollius
1009 4364 1069 4470 qni
1097 4365 1215 4443 scribit
1255 4369 1288 4440 in
1321 4370 1422 4471 priori
1482 4368 1604 4474 Incipit
1633 4367 1761 4468 absque
1803 4366 1872 4444 ullo
1901 4365 1979 4444 libri
2010 4366 2109 4442 titulo
2145 4363 2189 4438 ab
2219 4391 2279 4439 att·

629 4479 685 4554 illa
714 4507 732 4554 a
761 4504 796 4556 se
827 4482 895 4557 uisa
928 4504 1111 4584 utrumque
1140 4479 1303 4555 defuisse.
1335 4487 1425 4557 Azu·
1480 4483 1584 4554 ctoris
1616 4480 1850 4585 praefatione,
1883 4481 2076 4587 praemissis
2105 4477 2278 4554 consuetis

629 4591 676 4667 lai
704 4617 750 4666 en
779 4591 852 4667 solo
882 4593 1029 4668 aliorum
1058 4593 1253 4668 testimonio
1274 4617 1349 4667 eam
1372 4619 1424 4669 te·
1481 4591 1593 4668 verbis
1620 4613 1736 4682 'enisu
1763 4589 1804 4669 ‘aa
1833 4591 1876 4670 brt
1914 4615 2026 4674 *tanna
2056 4616 2138 4672 utute
2175 4589 2216 4666 reb
2245 4613 2279 4666 tre

631 4704 696 4780 fert
726 4704 761 4779 in
792 4728 818 4780 tt
851 4729 944 4811 parte
974 4709 1074 4780 Scent
1105 4703 1301 4814 aghedolim
1331 4731 1423 4782 anno
1484 4707 1519 4778 T
1516 4735 1579 4782 unc
1605 4733 1671 4780 non
1701 4710 1907 4804 consrrndar,
1935 4735 2040 4805 quum
2077 4710 2278 4800 contemplo-

635 4818 738 4914 1780
767 4817 802 4891 iu
844 4818 956 4894 lucem
998 4817 1118 4893 emissa
1158 4817 1217 4894 lisl.
1263 4845 1336 4913 14,
1362 4818 1421 4896 sed
1479 4821 1539 4892 bot
1564 4847 1623 4916 ego
1653 4829 1804 4895 universo
1833 4827 1990 4896 mandato
2029 4847 2110 4909 tuo,
2140 4845 2185 4896 ex
2226 4821 2280 4900 Ps..

628 4927 716 5004 vidit
745 4927 909 5034 deinceps
939 4955 1047 5031 eaque
1074 4932 1181 5006 utitur
1209 4931 1267 5007 fol.
1316 4933 1421 5008 80b
1478 4955 1571 5008 cxnt
1604 4935 1627 5006 6
1657 4931 1874 5040 depromptis
1904 4934 2066 5040 typisque
2108 4931 2282 5039 expressis

627 5066 665 5117 ut
694 5043 929 5149 quaestionem
959 5039 1106 5146 aliquam
1124 5071 1243 5122 contra
1265 5070 1423 5123 eommu-
1479 5043 1691 5148 majoribus,
1732 5047 1857 5152 quihus
1886 5073 1918 5124 er
1949 5047 2090 5124 initialia
2119 5045 2278 5150 ejusdem

626 5180 706 5230 nem
736 5181 772 5232 et
800 5155 1008 5234 hodiernum
1040 5158 1147 5232 nostri
1177 5158 1324 5234 auctoris
1346 5183 1420 5236 tert·
1479 5157 1718 5264 praefationis,
1746 5160 1937 5252 librorum,
1968 5161 2279 5250 constitutionum,

626 5291 701 5346 tum
746 5267 907 5347 dirimat.
952 5269 1094 5346 Constat
1137 5268 1245 5349 editio
1294 5271 1419 5347 eodetn
1477 5273 1629 5378 capitum
1668 5273 1771 5350 verba
1814 5275 2050 5352 exhibentur.
2093 5275 2282 5354 Charactet

624 5378 812 5487 quadrato,
849 5383 927 5461 rudi
968 5407 1008 5458 ac
1049 5407 1183 5462 vetusto
1225 5383 1418 5462 charactere
1475 5384 1681 5491 quadratus,
1733 5386 1853 5478 rudis,
1889 5389 2071 5494 antiquus,
2117 5389 2284 5463 interme·

622 5521 694 5600 quo
722 5493 986 5602 praecedentes,
1013 5497 1136 5590 unica,
1173 5523 1210 5576 ut
1238 5495 1417 5594 diximus,
1473 5500 1582 5588 dius,
1608 5500 1809 5610 singularis,
1838 5505 1899 5612 qui
1930 5503 1966 5578 iu
1996 5501 2092 5612 nullo
2123 5500 2191 5582 alio
2222 5523 2278 5578 xv
