5222 7090
785 655 1344 730 PARSPRIMA
1878 683 1900 754 9

259 850 334 917 rat,
360 825 510 902 'Wollius
530 823 604 932 ipse
635 823 669 900 in
693 849 733 902 tv
755 824 933 902 uolumine
964 825 1049 902 olim
1105 827 1189 906 dete
1217 832 1285 930 jam
1303 855 1407 936 supra
1435 828 1575 936 anobis
1592 828 1810 908 obseruatum
1833 855 1902 908 est.

260 962 462 1016 monuerat.
493 943 606 1014 Locus
634 963 751 1016 antem
779 961 893 1018 letata:
912 939 955 1015 de
976 939 1051 1016 Pie·
1104 946 1265 1041 Quatuor
1292 943 1384 1019 enim
1419 967 1575 1029 menses,
1605 946 1666 1050 qui
1687 971 1707 1020 a
1728 946 1840 1052 prima
1862 945 1903 1021 il·

254 1075 322 1139 re,
363 1079 422 1128 seu
459 1050 648 1130 Plebisaeio
690 1053 873 1130 Patavinae
909 1051 1050 1129 ditionis
1105 1053 1137 1131 la
1166 1053 1209 1132 ad
1238 1079 1390 1133 nostram
1424 1057 1707 1145 intercesserunt,
1739 1057 1905 1138 uidelicet

254 1165 336 1243 nico
363 1164 608 1273 intelligendus
634 1189 708 1252 est,
727 1165 822 1270 quod
845 1190 880 1242 et
902 1191 1048 1271 sequens
1103 1194 1124 1244 a
1151 1167 1220 1244 fine
1249 1167 1413 1253 februarii
1443 1170 1486 1245 ad
1518 1168 1658 1246 initium
1678 1170 1783 1272 julii,
1809 1157 2009 1274 certes

254 1278 465 1356 uocabulum
495 1299 593 1375 tputtt
621 1284 777 1356 diducto
795 1277 972 1356 manifeste
989 1277 1049 1357 de·
1106 1306 1176 1358 non
1216 1281 1390 1358 sufficiunt
1419 1281 1657 1390 imprimendis
1693 1283 1803 1361 tribus
1835 1309 1905 1362 ro-

254 1417 425 1468 monstrat
456 1419 475 1468 a
503 1391 706 1468 doctissimo
736 1392 797 1468 illo
826 1394 1046 1470 Taurinensis
1102 1391 1292 1472 luminibus
1322 1395 1357 1470 in
1378 1392 1481 1480 folio,
1502 1420 1590 1502 quot
1611 1417 1729 1472 nostra
1756 1395 1904 1503 Regien-

256 1503 878 1612 bibliothecaepraer'ectoneglecrum
896 1505 1049 1582 etomis·
1103 1533 1175 1583 sem
1204 1530 1365 1615 superat,
1405 1507 1621 1616 potissimum
1652 1535 1763 1615 quum
1797 1533 1905 1615 typo·

255 1645 363 1708 sum,
402 1644 472 1694 nou
503 1618 547 1694 de
576 1625 712 1710 Paula,
738 1645 800 1696 seu
832 1619 979 1708 Ticino,
1009 1641 1048 1695 ut
1103 1619 1225 1728 graphi
1257 1621 1374 1697 obitus
1402 1619 1655 1698 intercesserit.
1684 1619 1786 1698 conf.
1811 1622 1902 1698 Diss.

255 1757 438 1838 perperam
455 1734 528 1837 ipse
546 1730 810 1837 interpretatur.
845 1732 952 1833 Quod
974 1758 1048 1809 otn-
1103 1733 1257 1840 praelim.
1286 1737 1320 1830 S.
1350 1757 1426 1823 xv,
1456 1759 1550 1822 xvt,
1567 1759 1602 1810 et
1622 1757 1732 1810 xvir.
1764 1734 1819 1811 Ad
1840 1761 1904 1810 eo-

258 1868 302 1920 ne
325 1844 446 1921 litteris
470 1848 539 1921 suis
559 1869 629 1922 ιιιιι
651 1845 725 1947 julii
746 1873 801 1922 an.
825 1869 1049 1924 uncctxxtv
1104 1875 1181 1924 rum
1204 1879 1205 1882 ¹
1227 1845 1369 1934 classem
1412 1847 1474 1953 qui
1515 1844 1710 1924 editionem
1748 1871 1904 1924 nostram

255 1956 299 2034 ad
322 1983 378 2033 me
394 1957 483 2036 datis
504 1958 714 2067 amplissime
735 1959 953 2036 confirmavit
982 1959 1048 2036 hac
1104 1961 1288 2038 amendant
1318 1961 1361 2036 ad
1391 1985 1446 2036 ao.
1478 1984 1775 2050 mcccclxxvrn,
1804 1961 1904 2036 refe-

254 2068 300 2148 de
329 2094 365 2146 te
394 2072 574 2149 consultus
602 2073 647 2147 cl.
675 2079 775 2150 Berta
806 2074 929 2150 Pasiuii
958 2099 1044 2150 suc·
1102 2071 1904 2182 teodusptoeuldubioestMaittairius,quam·

256 2209 405 2261 cessor.
452 2189 504 2262 Ac
548 2211 681 2291 praeter
723 2187 936 2265 Taurinense
977 2185 1045 2260 hoc
1101 2214 1207 2293 quam
1237 2191 1272 2263 in
1297 2193 1372 2294 ejus
1403 2186 1592 2266 Annalibus
1621 2213 1707 2264 tom.
1743 2212 1771 2264 v
1805 2210 1903 2294 parte

259 2298 462 2403 exemplar,
497 2299 593 2403 quod
623 2300 884 2408 integerrimum
913 2321 966 2376 est
1005 2323 1046 2375 ae
1105 2326 1133 2376 ιι
1158 2327 1191 2408 p.
1224 2325 1303 2402 517
1327 2300 1460 2412 legatur
1482 2327 1590 2377 annus
1621 2324 1903 2402 ucccctxxun.

256 2411 586 2498 membranaceum,
612 2411 903 2518 elegantissimum
933 2410 1044 2500 aliud,
1101 2415 1272 2493 Exsctibit
1300 2415 1393 2492 enim
1423 2415 1452 2492 is
1481 2413 1761 2504 Marchandum,
1798 2414 1901 2491 ideo·

256 2521 723 2630 pariter-membranaceum
761 2549 796 2600 et
841 2525 1044 2632 integrum,
1100 2553 1170 2633 que
1200 2554 1333 2603 merum
1367 2529 1437 2605 hoe
1468 2527 1670 2605 habendum
1707 2551 1758 2604 est
1788 2553 1903 2624 men-

258 2635 332 2712 ridi
358 2639 490 2710 Romae
518 2635 552 2711 in
594 2635 804 2714 bibliotheca
841 2637 1043 2713 eminentis·
1098 2640 1184 2716 dum
1231 2640 1554 2748 typographicum,
1592 2639 1689 2748 quod
1737 2641 1902 2718 Denisius

256 2748 332 2825 simi
363 2747 531 2834 Zeladae,
560 2746 651 2825 unde
680 2774 742 2826 nos
761 2751 856 2826 binas
885 2751 1042 2858 priorum
1099 2751 1259 2830 emendat
1286 2753 1323 2828 in
1343 2754 1524 2862 Supplem.
1553 2778 1650 2861 parte
1680 2778 1707 2829 ιι
1736 2781 1772 2863 p.
1803 2777 1907 2852 792.

256 2859 417 2960 ordinum
446 2860 652 2968 epigraphes
672 2861 870 2950 hausimus,
893 2889 1043 2970 quarum
1114 2884 1116 2890 ’

256 2974 389 3083 primae
418 2997 452 3050 et
482 2975 723 3084 apographum
753 2974 850 3052 aliud
877 3003 923 3052 ιιι
953 2983 1046 3054 Tau·
1333 2983 1671 3058 MCCCCLXXVI

256 3088 384 3164 tineosi
413 3111 539 3194 sponte
581 3113 644 3194 pro
675 3089 888 3166 humanitate
916 3117 957 3166 ae
986 3089 1046 3165 be·
1461 3151 1542 3222 111

256 3197 456 3278 nevolentia
484 3225 545 3277 sua
574 3201 738 3312 singulari
766 3202 809 3278 ad
833 3227 896 3280 nos
917 3201 1045 3280 deinde

255 3313 441 3390 transmisit
469 3312 719 3392 eruditissimus
758 3341 792 3392 et
821 3319 1046 3394 amicissimus
1180 3321 1229 3391 it.
1256 3321 1379 3393 Iaculi
1399 3320 1460 3392 bur
1482 3321 1590 3394 Ascir
1612 3319 1724 3392 Orati
1747 3315 1900 3406 cltuilur,

256 3427 362 3503 abbas
402 3427 558 3506 Thomas
598 3430 769 3536 Valpetga
810 3428 855 3506 de
884 3431 1046 3508 Calusio.
1107 3433 1174 3503 Via
1214 3439 1303 3504 ultae
1319 3482 1331 3517 ,
1368 3437 1480 3506 seul
1515 3435 1597 3504 ordo
1640 3429 1735 3504 Arii
1771 3431 1901 3518 turim,

256 3540 485 3628 Wolfianum,
521 3565 621 3618 antea
651 3543 909 3652 Ungerianum,
937 3569 1047 3618 mem·
1097 3544 1284 3638 solvmax.
1313 3546 1480 3618 Mantuae
1509 3571 1561 3616 art.
1590 3540 1626 3617 i.
1653 3560 1840 3617 ccxxxvi
1861 3547 1904 3617 alt

255 3652 464 3731 branaceum
482 3679 515 3729 et
533 3655 647 3761 ipsum
676 3680 772 3746 etat,
799 3656 861 3733 sed
880 3659 1046 3734 Parisieu-
1103 3657 1178 3728 orbe
1207 3662 1366 3744 condito,
1399 3663 1522 3735 Christi
1552 3673 1827 3732 Mcccctxxi't.

256 3771 292 3844 se
320 3766 418 3874 quod
455 3794 559 3873 supra
595 3771 861 3846 commemorati
892 3769 1046 3878 Catalogi
1114 3841 1119 3854 ,
1187 3769 1258 3843 Vix
1285 3768 1462 3845 Plebisacii
1491 3765 1648 3844 absoluta
1678 3767 1789 3843 fuerat
1826 3771 1903 3864 Meff

258 3905 416 3958 auctores
445 3878 623 3985 proferunt
664 3906 773 3958 num·
795 3884 873 3956 866
905 3909 938 3989 p.
969 3885 1049 3980 65,
1103 3876 1256 3956 scullami
1278 3882 1367 3957 Kozi
1383 3883 1486 3986 hujus
1507 3883 1621 3988 operis
1645 3878 1782 3970 editio,
1804 3877 1904 3984 quod

256 4019 297 4071 ac
325 4019 443 4069 meum
472 4015 513 4069 tv
542 3991 696 4080 ordinis,
724 3994 905 4072 chartacea
945 4019 1045 4070 suut.
1103 3990 1243 4069 alteram
1272 3993 1380 4070 forma
1411 3993 1522 4071 multo
1554 3992 1760 4099 ampliorem
1803 3997 1905 4068 Mao-

257 4109 313 4184 Ac
342 4132 449 4213 pauca
480 4105 585 4192 haec,
612 4131 703 4212 quae
732 4131 881 4184 aetatem
910 4105 1046 4196 lerunt,
1103 4127 1182 4178 tuae
1210 4108 1359 4210 suscepit
1390 4106 1564 4182 Abraham
1610 4108 1784 4192 Conatus,
1818 4131 1905 4211 pro-

256 4219 437 4325 exempla,
467 4220 591 4326 partim
623 4218 767 4308 mutila,
790 4219 927 4330 egregie
953 4246 1047 4296 com·
1102 4213 1247 4294 sessione
1275 4219 1430 4296 medicus
1460 4245 1501 4296 ac
1530 4216 1631 4295 titulo
1661 4217 1811 4306 chav'er,
1840 4241 1900 4292 seu

257 4333 405 4440 probant
422 4358 596 4410 extremae
617 4334 762 4411 raritatis
782 4359 922 4422 uotam,
939 4359 1047 4440 quam
1103 4330 1185 4407 socii
1214 4331 1347 4408 rabbini
1378 4332 1581 4439 insignitus,
1619 4331 1679 4433 qui
1711 4329 1832 4436 ingens
1863 4350 1900 4403 et

257 4448 341 4522 huic
363 4469 499 4522 nostrae
519 4446 661 4524 editioni
681 4449 756 4547 jure
779 4473 818 4524 ac
842 4449 965 4524 metito
985 4447 1048 4524 do-
1103 4442 1175 4550 ipse
1203 4443 1358 4522 studium
1386 4443 1599 4536 contulerat,
1630 4467 1667 4519 ut
1690 4467 1817 4518 notam
1844 4465 1903 4546 ty·

257 4561 305 4636 cti
352 4558 509 4635 nonnulli
552 4559 786 4668 bibliographi
827 4561 1045 4639 attribuunt.
1105 4558 1350 4667 pographicam
1391 4584 1499 4636 artem
1539 4581 1808 4663 assequeretur.
1848 4561 1902 4632 Ae

256 4671 348 4752 Vide
371 4677 456 4748 Dav.
477 4671 635 4751 Clement
665 4679 902 4773 Bibliotbeque
923 4687 1049 4753 curieu·
1101 4669 1346 4750 testimonium
1364 4672 1505 4780 quidem
1526 4670 1741 4778 ingenuum,
1760 4665 1854 4774 quod
1873 4670 1902 4744 is

258 4815 295 4864 ιι
325 4793 382 4862 der
408 4793 510 4862 liures
539 4813 625 4864 rores
657 4811 743 4864 tom.
772 4793 803 4862 ll
834 4813 912 4895 pag.
950 4798 1049 4887 158,
1105 4785 1172 4863 fert
1200 4789 1235 4860 iu
1264 4785 1475 4895 epigraphe,
1504 4783 1631 4860 laboris
1652 4809 1722 4860 ase
1751 4780 1900 4886 impensi

255 4902 437 5009 Heunings
466 4899 632 4977 Biblioth.
674 4898 840 4978 librorum
883 4903 1048 4978 rariorum
1111 4900 1144 4976 io
1175 4925 1215 4975 ea
1244 4899 1448 4976 invenienda
1470 4925 1510 4974 ac
1531 4895 1696 4972 discenda
1714 4921 1749 4972 et
1767 4893 1900 5000 opificii

254 5041 290 5122 p.
328 5017 428 5110 146,
457 5039 490 5089 et
520 5014 685 5091 Biblioth.
715 5039 779 5088 rar.
809 5013 886 5089 libr.
917 5017 1053 5092 univer·
1110 5013 1145 5088 in
1169 5039 1274 5120 opere
1295 5013 1364 5089 hoc
1392 5007 1602 5090 excudendo
1629 5007 1779 5086 adhibiti
1799 5007 1903 5082 uber·

253 5127 364 5205 salem
394 5152 479 5203 torn.
507 5131 523 5200 1
549 5154 582 5233 p.
620 5152 715 5229 132,
737 5127 796 5203 ubi
822 5152 937 5204 tamen
958 5155 1054 5204 men·
1109 5129 1195 5204 rima
1226 5127 1435 5214 delineatio,
1476 5124 1629 5233 produnt
1669 5119 1901 5200 verosimilius

255 5243 343 5318 dose
374 5267 439 5347 pto
468 5239 656 5318 Plebisacio
676 5241 803 5346 legitur
824 5241 1050 5318 Plebisaviae.
1108 5242 1262 5347 primurn
1301 5238 1395 5316 hunc
1430 5263 1504 5316 esse
1533 5235 1641 5312 nostri
1681 5232 1897 5344 typographi

255 5361 342 5434 Eam
372 5383 454 5432 cum
484 5353 589 5458 priori
621 5354 778 5462 Regiensi
803 5352 850 5428 de
872 5353 1050 5443 hebraicae
1109 5354 1270 5442 foetum,
1298 5350 1362 5428 nisi
1384 5349 1511 5428 edendi
1532 5348 1731 5454 speciminis
1753 5346 1900 5452 gloriam

259 5469 517 5578 typographiae
552 5467 701 5573 primatu
741 5465 865 5541 merito
902 5491 1052 5544 conten-
1108 5465 1272 5543 maluerit
1311 5463 1415 5540 uxori
1453 5465 1670 5569 relinquere,
1708 5481 1822 5564 quae,
1865 5477 1904 5532 ut
