5222 7090
672 719 751 780 xrst
1072 699 1260 780 DISSER
1270 699 1431 776 TATIO
1471 699 1909 776 PRAELIMINARIS

674 873 806 998 liquis
845 869 1040 966 omnibus
1090 875 1324 998 praeripit,
1368 873 1493 994 heb..
1738 889 1741 898 “

676 1027 771 1128 typ.
791 1003 989 1126 primatus
1000 993 1258 1092 ¹deferendus
1283 1004 1367 1128 jam
1388 1031 1469 1112 est,
1824 931 1867 1061 ς’
1917 966 2027 1030 w

673 1127 830 1256 hicque
869 1127 978 1223 libe,
1023 1161 1100 1254 pro
1133 1131 1272 1254 primo
1308 1131 1472 1224 haben,
1549 1109 1686 1182 Primae
1714 1128 1754 1180 ac
1775 1111 1970 1240 prorepere
1998 1106 2092 1180 urbes
2120 1123 2185 1181 xv
2208 1109 2318 1182 seculo

675 1258 755 1351 dus
783 1284 922 1350 certae
943 1271 1059 1350 aerae
1079 1257 1274 1349 hebraice
1296 1261 1471 1386 impres-
1668 1219 1739 1292 neb.
1766 1221 1989 1314 ‘mmm
2016 1219 2170 1294 “mu'‘

673 1420 745 1478 so.
788 1384 874 1477 Cui
918 1388 1098 1505 invento
1142 1384 1259 1478 aliud
1298 1391 1471 1480 accessit
1607 1385 1762 1517 ltaque
1790 1391 1828 1480 'si
1860 1390 1969 1480 ratio
1990 1385 2197 1480 habeatur
2214 1414 2321 1481 tem-

674 1518 761 1608 inr
807 1510 1291 1642 nostra‘gravissimum..
1324 1514 1472 1636 Quan-
1525 1521 1666 1645 poris,
1716 1549 1807 1644 quo
1851 1512 1950 1607 heb.
1993 1520 2093 1644 typi
2134 1549 2181 1608 ac
2220 1516 2321 1609 libri

674 1549 907 1768 doqbidem
950 1677 1162 1742 resumens
1194 1677 1295 1769 prae
1338 1650 1471 1740 mani·
1525 1649 1706 1772 primurn
1736 1644 1945 1736 in'lucern
1973 1654 2318 1772 comparuerunt,

671 1759 756 1864 bus
816 1769 1048 1864 editionem
1110 1768 1466 1868 Plebisaccensem
1525 1773 1707 1901 Regium
1741 1771 1965 1868 Calabriae
1999 1777 2130 1898 prima
2160 1799 2225 1864 est
2256 1806 2320 1865 or·

673 1897 796 1998 Arbi
840 1901 967 1990 turim
1010 1934 1058 1991 ac
1100 1898 1331 1994 litterarum
1371 1899 1472 2002 for·-
1523 1907 1623 1996 dine
1655 1900 1777 2008 urbs,
1811 1904 1857 1992 in
1888 1931 1975 2026 qua
2003 1900 2047 1993 id
2068 1897 2225 1994 factum
2245 1903 2322 2011 sit,

674 2060 783 2121 mam
805 2024 1032 2156 diligenter
1047 2032 1287 2130 examinans
1309 2066 1356 2123 ac
1373 2066 1469 2126 con·
1522 2037 1559 2126 si
1590 2033 1791 2154 temporis
1833 2063 1924 2156 quo
1955 2030 2136 2154 primum
2175 2035 2322 2123 inven-

570 2223 579 2242 .
674 2153 838 2263 ferens,
874 2160 1010 2282 reperi
1044 2161 1088 2247 in
1121 2191 1213 2250 aera
1244 2158 1468 2285 designatr-
1525 2165 1584 2270 ti,
1616 2157 1808 2271 formati,
1849 2155 2055 2264 adhibiti,
2100 2157 2211 2250 hanc
2242 2158 2323 2251 sibi

674 2287 729 2375 da
759 2285 936 2376 litteram
970 2277 1081 2412 quae
1108 2291 1241 2411 prima
1270 2284 1411 2381 fronte
1443 2319 1468 2375 rr
1523 2291 1702 2416 gloriam
1725 2285 2015 2380 Plebisaccum
2038 2285 2204 2378 videtur
2225 2291 2323 2378 vin-

674 2413 898 2505 videbatur
930 2415 1111 2539 talisque
1145 2419 1355 2508 acunctis
1381 2415 1468 2512 fere
1525 2421 1687 2512 dicare.
1734 2415 1798 2510 At
1839 2447 1944 2510 vero
1977 2417 2055 2506 vix
2095 2416 2143 2506 in
2180 2417 2323 2541 primis

673 2541 985 2668 bibliographis
1027 2541 1170 2636 habita
1215 2571 1331 2658 erat,
1379 2577 1468 2640 esse
1524 2549 1641 2646 hisce
1663 2541 1840 2638 urbibus
1859 2543 1925 2636 illi
1946 2539 2084 2636 luceru
2102 2542 2323 2658 videraut,

673 2675 896 2770 certissime
936 2697 989 2780 n,
1021 2705 1097 2762 seu
1139 2707 1205 2765 an.
1255 2695 1373 2790 235,
1419 2707 1467 2766 ac
1522 2675 1642 2792 quod
1684 2698 1971 2778 evanuerunt,
2019 2706 2154 2800 quum
2197 2679 2321 2766 unica

672 2797 884 2926 prohinde
917 2833 1007 2891 eam
1040 2833 1129 2890 non
1162 2803 1216 2894 ad
1255 2796 1400 2920 1478,
1420 2828 1467 2894 ut
1522 2805 1598 2898 illa
1629 2803 1763 2900 editio
1796 2799 2028 2928 utrobique
2062 2797 2172 2894 faeta
2204 2835 2320 2929 repe·

671 2928 888 3056 hucusque
920 2923 1076 3021 factum
1110 2924 1272 3044 fuerat,
1304 2929 1378 3022 sed
1412 2930 1466 3021 ad
1522 2936 1675 3032 riatur.
1710 2929 1909 3022 Proxime
1941 2928 2171 3022 succedunt
2193 2929 2322 3024 Man·

678 3080 794 3172 1475
835 3053 980 3147 referri
1012 3086 1229 3182 oportere.
1276 3057 1347 3150 Sic
1379 3057 1466 3150 duo
1522 3087 1621 3172 tua,
1652 3057 1858 3166 Ferraria,
1891 3055 2112 3171 Bononia,
2145 3085 2189 3152 et
2222 3092 2320 3152 ano·

670 3184 796 3311 hujus
815 3187 916 3274 anni
933 3185 1035 3275 libri
1051 3189 1324 3280 innotuerunt
1340 3184 1466 3278 Man·
1521 3223 1652 3315 nyma
1683 3222 1731 3280 ea
1764 3182 1887 3294 urbs,
1922 3217 2032 3314 quae
2066 3213 2132 3279 tot
2164 3190 2318 3280 editio-
2433 3287 2438 3294 ,

671 3339 805 3406 tuano
838 3309 917 3402 illo
956 3312 1077 3429 1476
1111 3318 1363 3410 anteriores.
1398 3311 1465 3408 Ex
1520 3351 1596 3416 nes
1622 3321 1787 3442 peperit
1821 3317 1909 3406 sine
1930 3349 1996 3412 an.
2016 3340 2059 3406 et
2077 3315 2199 3406 loco.
2232 3315 2317 3410 Sed

670 3439 786 3558 hisce
817 3465 956 3531 autem
988 3439 1155 3536 duobus
1186 3446 1302 3574 prior
1333 3471 1467 3571 poste·
1522 3445 1642 3540 nulla
1675 3473 1770 3558 est,
1845 3477 1920 3536 uae
1953 3440 2053 3542 heb·
2085 3443 2317 3538 editionum

672 3571 826 3659 riorem
848 3599 891 3658 ιν
919 3567 1127 3670 mensibus
1148 3601 1339 3698 superat,
1360 3597 1467 3702 quot
1521 3575 1645 3698 copia
1677 3605 1771 3672 cum
1812 3477 2004 3664 {oncino
2044 3605 2091 3664 ac
2132 3569 2321 3698 Neapoli

671 3695 877 3796 videlicet
920 3731 944 3788 a
981 3695 1053 3790 die
1095 3731 1126 3790 x
1168 3700 1269 3793 adar
1311 3734 1398 3829 quo
1432 3703 1467 3793 is
1522 3701 1775 3794 contendat.
1809 3696 1975 3825 Magno
2006 3704 2118 3791 enim
2144 3735 2318 3793 numero

671 3823 807 3917 lucem
850 3824 987 3933 vidit,
1027 3826 1082 3919 ad
1120 3860 1259 3921 xxvut
1301 3856 1467 3941 tamuz,
1522 3833 1632 3922 intra
1673 3830 1967 3940 brevissimum
2011 3832 2202 3956 quinque
2244 3829 2318 3920 vel

671 3987 761 4079 qno
794 3955 1024 4079 posterior,
1057 3989 1129 4047 seu
1155 3953 1282 4050 afine
1305 3954 1469 4056 februa·
1523 3991 1597 4050 sex
1629 3989 1832 4052 annorum
1880 3954 2149 4050 intervallum
2182 3991 2236 4049 ex
2269 3961 2319 4048 iis

672 4073 726 4172 rii
768 4082 822 4173 ad
869 4081 964 4206 julii
1011 4087 1180 4175 initium
1221 4088 1467 4188 intercesse-
1526 4117 1817 4200 emerserunt,
1870 4119 1980 4212 quae
2033 4089 2318 4210 praestantia,

637 4235 794 4302 ¹runt.
848 4210 1028 4338 Superat
1077 4240 1120 4306 et
1169 4246 1217 4304 rtr
1257 4215 1466 4314 mensibus
1524 4251 1627 4323 usu,
1656 4221 1825 4312 raritate
1852 4211 2221 4304 commendantur.
2250 4211 2321 4304 Ac

671 4338 924 4467 Eslingense
968 4339 1079 4433 illud
1121 4347 1330 4462 specimen
1375 4377 1467 4469 quo
1524 4343 1803 4433 Soncinenses
1836 4338 2038 4462 quidem,
2069 4338 2173 4427 olim
2207 4341 2321 4431 cele·

670 4467 1467 4596 tantoperepgloriaturWolfius,quod
1523 4470 1666 4561 bratae
1688 4494 1736 4558 ut
1755 4469 1940 4557 omnium
1959 4465 2194 4591 principes,
2210 4463 2341 4558 Nea--

621 4667 623 4672 -
671 4594 929 4722 completum
970 4594 1122 4688 dicitur
1163 4597 1215 4686 ad
1259 4597 1361 4700 calc.
1394 4597 1465 4696 die
1523 4595 1732 4726 politanas
1784 4620 1917 4696 aetate
1977 4622 2320 4721 praecesserunt,

671 4757 715 4815 vr
734 4727 867 4848 junii,
896 4721 1061 4814 Contra
1094 4727 1301 4850 posterior
1333 4759 1465 4848 quum
1522 4729 1642 4850 sique
1677 4756 1766 4815 non
1809 4725 1962 4848 exigua
1994 4747 2057 4820 est
2096 4720 2318 4838 Bononiae

672 4883 716 4944 rv
752 4849 855 4942 voll.
885 4878 1046 4944 constet
1079 4855 1124 4944 iu
1156 4847 1234 4943 fol.
1265 4878 1309 4945 et
1332 4853 1466 4978 tripli·
1521 4852 1642 4964 laus,
1681 4851 1800 4979 quod
1840 4855 2019 4976 primum
2081 4847 2319 4944 Pentateu-

671 4983 711 5072 ci
743 5004 943 5106 typorum
976 5012 1154 5106 genere,
1172 4979 1358 5080 dubitari
1389 4985 1465 5074 vix
1520 4979 1647 5074 chum
1666 4981 1869 5092 ediderit,
1901 4977 2077 5072 Sonciui
2095 5003 2158 5070 ast
2192 4981 2320 5072 maxi·

588 5129 593 5138 '
671 5134 813 5234 potest
857 5113 962 5236 quin
1011 5112 1145 5236 parari
1190 5134 1233 5201 et
1285 5111 1465 5234 imprimi
1522 5141 1612 5221 ma,
1644 5109 1765 5234 quod
1799 5109 1890 5202 illic
1922 5110 2056 5235 prima
2077 5104 2220 5197 Biblia
2250 5105 2319 5197 lu-

672 5263 850 5364 coeptus
881 5241 935 5330 sit
967 5231 1064 5330 ante
1078 5243 1258 5363 primum
1275 5243 1350 5364 qui
1365 5269 1468 5328 non·
1520 5268 1612 5328 cem
1642 5235 1937 5362 adspexerint,
1969 5267 2017 5356 ac
2038 5231 2173 5359 Neap.
2202 5235 2361 5359 ipsae-

673 5369 753 5459 nisi
787 5399 876 5458 uno
910 5366 1124 5486 volumine
1156 5366 1389 5505 absolvitur
1420 5393 1464 5460 et
1520 5364 1728 5457 editiones
1760 5397 1871 5490 quae
1914 5361 2127 5453 habentur
2172 5365 2320 5454 ceteris

672 5527 761 5590 uno
793 5495 1055 5622 charactere,
1379 5508 1394 5582 l
1516 5492 1842 5619 splendidiores,
1875 5520 1922 5584 ut
1956 5489 2125 5603 Miseni
2157 5519 2200 5580 et
2234 5486 2318 5578 Bi-
