5146 7094
658 765 734 859 141
1008 771 1009 774 ¹
1119 753 1907 832 411111111111111111».ι

632 907 913 1017 ’11111111111111
946 961 1019 1034 27,
1047 929 1126 1007 folia
1156 957 1225 1007 non
1257 953 1439 1007 numerans
1495 927 1660 1035 anonymi
1690 927 1890 1036 possessoris
1918 924 1976 1004 vel
2004 915 2206 1006 cbtrectoris
2232 927 2292 1003 atl-

649 1075 726 1143 tur,
754 1076 880 1160 puncta
919 1047 1064 1132 desunt,
1091 1044 1267 1121 character
1294 1040 1441 1147 quadra·
1492 1041 1606 1133 didit,
1635 1065 1783 1146 quaest
1812 1042 1965 1148 potiores
1994 1038 2142 1145 reliquas
2170 1039 2289 1118 lectio·

651 1190 727 1260 tus,
755 1165 871 1250 rudis,
900 1159 1106 1266 inaequalis,
1133 1160 1314 1262 antiquus,
1341 1155 1440 1232 char·
1497 1182 1556 1231 nes
1595 1153 1822 1265 discrepantes
1864 1153 1909 1234 ad
1949 1151 2132 1230 hodiernas
2160 1177 2288 1232 emen-

585 1271 589 1276 ’
650 1303 683 1354 11
713 1298 748 1353 11
779 1279 849 1384 ipsa
878 1277 1036 1382 antiqua,
1065 1269 1150 1347 nulli
1171 1269 1283 1359 rituli,
1305 1267 1440 1345 nullum
1497 1267 1615 1348 davit.
1903 1271 1907 1284 '

648 1391 729 1466 Keri
759 1389 962 1498 vestigium,
991 1384 1049 1463 sed
1072 1375 1189 1460 diuina
1211 1382 1349 1458 nomina
1371 1381 1441 1458 suis
1497 1445 1507 1464 ,
1814 1445 1845 1516 X
1865 1443 2012 1514 XIX,

648 1501 772 1581 litteris
802 1505 962 1609 impressa
991 1521 1092 1585 sunt,
1114 1496 1317 1604 nullumque
1337 1521 1441 1602 supra

645 1617 774 1695 litteras
812 1617 918 1722 taph'e
955 1639 1014 1692 seu
1054 1611 1265 1718 aspirationis
1305 1611 1441 1717 siguum
1581 1615 1630 1686 R.
1658 1613 1778 1685 Jacobt'
1797 1615 1868 1708 filit·
1896 1613 2047 1688 Jclrudac
2074 1613 2197 1686 Laudo
2224 1612 2289 1684 Lt'·

646 1731 879 1837 conspicitut.
907 1734 1049 1804 Vetusta
1072 1751 1185 1801 tamen
1209 1749 1331 1799 manus
1354 1747 1441 1828 pun·
1497 1725 1553 1796 ber
1579 1728 1697 1820 Aghr.
1735 1729 1878 1800 Accedit
1914 1729 2108 1798 tad-calcent
2146 1727 2289 1819 ejusdem

586 1858 590 1868 “
645 1869 721 1933 cra,
750 1867 930 1928 accentus,
960 1868 999 1916 ac
1028 1838 1133 1944 taph'e
1162 1839 1273 1944 ipsum
1301 1835 1441 1942 supple·
1497 1839 1629 1934 Chaqdn
1658 1865 1716 1911 scu
1750 1845 1870 1925 Vitio,
1900 1845 1935 1912 itt
1964 1865 2001 1932 4.
2029 1845 2109 1911 tnr‘n.
2136 1845 2206 1912 sinc
2234 1863 2290 1908 an·

643 1958 710 2034 111.
743 1961 796 2030 Ex
826 1954 977 2030 indubiis
1020 1953 1162 2028 criteriis
1192 1947 1440 2028 111111111εά1-
1495 1975 1538 2024 tto
1581 1974 1615 2023 et
1656 1955 1756 2042 loco,
1803 1956 1862 2028 sed
1903 1954 2051 2046 Neapoli
2091 1955 2151 2027 tud
2188 1953 2289 2046 finem

644 2071 695 2144 tio
725 2093 780 2144 xv
809 2069 934 2154 seculi,
962 2063 1022 2142 sed
1051 2063 1094 2140 ad
1136 2064 1264 2142 nullam
1294 2088 1340 2138 111
1370 2081 1438 2138 no·
1494 2089 1556 2138 tec.
1587 2081 1668 2139 κν.

643 2183 686 2257 tis
715 2182 818 2286 hujus
854 2182 928 2256 aevi
957 2177 1165 2254 editionibus
1194 2177 1341 2283 pertinet
1370 2176 1438 2251 hoc
1470 2203 1472 2208 ·
1579 2180 1641 2253 Sat
1668 2198 1771 2253 notus
1800 2174 1996 2282 pluriesque
2025 2173 2141 2252 editus
2161 2195 2211 2251 est
2231 2173 2287 2251 hit

584 2339 588 2344 ·
642 2295 894 2403 tiagntentttm,
932 2293 993 2369 nisi
1034 2290 1198 2398 pertineat
1222 2289 1271 2366 'ad
1301 2289 1435 2364 editio-
1492 2285 1600 2378 liber,
1639 2315 1710 2394 quo
1753 2288 1836 2367 varii
1884 2287 2092 2371 Iudaeorum
2132 2289 2217 2365 ritus
2252 2311 2285 2364 et

642 2434 721 2483 nem
752 2407 985 2482 Pisaurensem
1013 2407 1094 2480 ¹sine
1125 2405 1260 2509 punctis
1287 2404 1321 2477 in
1351 2402 1435 2478 folio
1491 2401 1668 2494 instituta,
1712 2403 1895 2513 variaeque
1934 2401 2119 2481 doctorum
2159 2402 2205 2479 tle
2245 2402 2282 2478 iis

641 2523 721 2597 anni
760 2547 882 2617 1494,
911 2547 1015 2625 quam
1046 2517 1198 2592 nonnulli
1230 2540 1438 2608 memorant,
1490 2511 1678 2592 decisiones
1716 2517 1926 2626 colliguntur
1962 2541 1997 2593 et
2035 2518 2283 2624 explanantur,

642 2634 758 2710 nullus
790 2632 875 2707 cidit
905 2657 1033 2738 nosque
1063 2631 1181 2705 falsam
1209 2629 1434 2721 credidimus,
1492 2628 1585 2704 unde
1612 2651 1684 2708 11111
1711 2655 1769 2706 seu
1801 2637 1941 2710 Collecti
1977 2655 2104 2706 nomen
2134 2630 2283 2734 accepit.

641 2773 705 2823 nec
733 2746 832 2821 facile
862 2745 994 2821 definiti
1023 2768 1158 2851 potest,
1198 2769 1282 2819 uum
1311 2741 1354 2816 ad
1385 2742 1435 2816 itt·
1493 2747 1539 2816 At
1578 2767 1661 2824 vero
1691 2768 1823 2820 nostrae
1862 2744 1962 2845 hujus
1990 2771 2009 2821 a
2039 2744 2140 2820 uobis
2170 2744 2282 2851 paucis

639 2883 736 2968 tegra
765 2859 872 2934 Biblia
905 2859 1095 2964 pertineat,
1133 2883 1174 2932 an
1204 2855 1248 2932 ad
1277 2855 1435 2960 Prophe·
1492 2854 1619 2930 abhinc
1646 2857 1744 2933 annis
1771 2855 1928 2933 detectae
1957 2879 1990 2933 et
2019 2859 2206 2963 acquisitae
2226 2883 2286 2932 an·

638 2996 689 3048 tas
728 2997 859 3046 tantum
891 2974 1116 3077 posteriores.
1157 2970 1277 3046 Solum
1305 2975 1430 3046 Oseam
1488 2969 1699 3074 tiquissimae
1738 2997 1778 3048 ac
1824 2971 2005 3077 primariae
2044 2971 2205 3049 editionis
2233 2969 2281 3044 al·

638 3086 696 3161 uel
714 3087 805 3160 solos
824 3086 970 3160 minores
999 3083 1190 3190 Prophetas
1217 3083 1330 3160 editos
1349 3081 1433 3158 fuis-
1487 3106 1562 3157 tum
1601 3083 1693 3188 apud
1733 3109 1852 3162 omnes
1889 3083 2149 3192 bibliographos
2187 3109 2280 3160 extat

625 3223 671 3279 ¹se
701 3222 768 3273 non
810 3223 860 3273 est
891 3197 1106 3284 verosimile,
1147 3197 1208 3271 nisi
1241 3196 1275 3272 id
1304 3195 1431 3271 factum
1489 3195 1686 3271 silentium.
1728 3195 1852 3304 Incipit
1881 3196 1967 3272 folio
1996 3223 2096 3273 verso
2137 3198 2181 3273 ab
2210 3225 2280 3272 au·-

634 3311 676 3386 sit
717 3310 912 3416 speciminis
949 3308 1076 3419 gratia.
1122 3314 1175 3386 Eu
1212 3309 1312 3384 variis
1352 3333 1432 3384 sanc
1488 3309 1593 3384 ctoris
1630 3312 1859 3414 praefatione,
1900 3313 1996 3414 cujus
2036 3313 2145 3417 prima
2173 3311 2279 3388 dictio

635 3423 866 3513 lectionibus,
908 3449 992 3528 quas
1031 3423 1197 3529 exiguum
1239 3421 1306 3497 hoc
1344 3421 1432 3530 frag-
1487 3442 1557 3498 ’111
1588 3426 1814 3528 praemittitur
1843 3425 2029 3525 majoribus
2061 3427 2279 3532 typisexcu-

634 3560 790 3610 mentum
828 3536 1050 3642 suppeditat,
1088 3559 1219 3639 nosque
1247 3560 1324 3610 suo
1352 3535 1429 3610 loco
1488 3561 1542 3625 sa,
1571 3534 1752 3643 ligneaque
1781 3536 1951 3645 quaedam
1988 3537 2104 3614 tabula
2135 3540 2277 3645 primam

633 3649 670 3724 ih
701 3647 893 3722 Collatione
937 3673 1050 3724 nostra
1079 3671 1114 3722 et
1144 3648 1177 3721 in
1216 3671 1429 3722 commemo·
1485 3647 1575 3722 hanc
1618 3655 1775 3757 pagiuam
1819 3675 1987 3737 exornat,
2028 3677 2118 3756 quae
2159 3649 2277 3728 eadem

634 3782 707 3834 rato
736 3758 855 3834 libello
884 3763 935 3834 De
967 3761 1091 3866 ignotis
1118 3759 1327 3835 editionibus
1349 3786 1429 3867 pro·-
1485 3761 1585 3867 plane
1614 3787 1664 3836 est
1693 3789 1773 3838 cum
1802 3789 1841 3840 11
1872 3789 1960 3871 quae
1988 3788 2084 3840 extat
2115 3764 2278 3841 11111111ὼ

633 3871 800 3959 ferimus,
827 3873 958 3948 eruitur
985 3872 1190 3981 singularem
1220 3873 1364 3948 omnino
1393 3895 1428 3950 et
1484 3897 1519 3948 te
1565 3876 1730 3953 Psalterii·
1755 3878 1972 3982 Neapolitani
2017 3877 2097 3952 anni
2148 3905 2275 3978 1491,

633 3986 917 4062 amasorcthicam
956 4011 1029 4062 esse
1060 3987 1146 4062 hanc
1174 3985 1358 4062 editionem
1380 4013 1428 4062 ae
1485 3987 1543 4064 hic
1572 4013 1685 4064 tamen
1726 3993 1835 4098 magis
1872 3989 2018 4068 detrita.
2058 3990 2153 4066 Folia
2192 4019 2277 4097 quae

632 4099 802 4174 variarum
833 4099 1018 4175 lectionum
1043 4099 1255 4175 uberrimum
1280 4101 1428 4176 fontem.
1484 4123 1563 4176 sunt
1601 4105 1696 4199 185,
1727 4103 1782 4179 vel
1823 4106 1965 4211 paginae
1996 4129 2064 4178 non
2100 4129 2294 4180 numeram*

632 4217 672 4286 In
703 4211 909 4318 quibusdam
938 4237 988 4288 est
1018 4214 1121 4288 etiam
1144 4214 1263 4302 unica,
1285 4211 1428 4318 atl'qua·
1484 4238 1559 4309 rur,
1589 4215 1763 4321 modoque
1794 4217 1975 4322 pluribus,
2005 4215 2111 4292 modo
2141 4220 2278 4324 paucio·

629 4351 708 4400 rum
749 4325 888 4409 classem
927 4327 1106 4403 retulimus
1145 4326 1227 4401 olim
1263 4350 1297 4400 11
1326 4326 1425 4430 opti·
1480 4328 1575 4402 tibus
1602 4351 1762 4404 constant
1790 4331 1910 4420 lineis,
1949 4328 2009 4406 sed
2040 4330 2125 4406 infra
2156 4357 2275 4408 nurne-

631 4463 723 4511 mam
765 4439 947 4516 lectionem
977 4462 1060 4526 m,
1101 4465 1203 4543 quam
1243 4445 1351 4514 Oscae
1381 4463 1423 4515 111
1481 4467 1598 4515 rantur
1627 4442 1784 4549 plagulae
1824 4470 1864 4520 ac
1891 4443 2159 4550 quaterniones,
2186 4445 2273 4520 cha·

632 4575 653 4622 2
682 4577 722 4624 ea
743 4577 854 4626 servat
884 4579 964 4628 cum
993 4551 1155 4626 omuibus
1177 4551 1423 4656 interpretibus
1480 4579 1586 4630 racter
1615 4555 1800 4659 quadratus
1830 4559 1971 4632 minoris
2000 4558 2155 4648 formae,
2184 4557 2273 4634 idem

628 4685 668 4735 ac
697 4663 918 4768 quadraginta
948 4664 1125 4740 codicibus
1146 4691 1223 4738 mss.
1245 4665 1422 4768 utriusque
1479 4693 1558 4743 cum
1590 4693 1630 4742 eo
1659 4695 1740 4774 quo·
1760 4671 1903 4776 Neapoli
1921 4695 2082 4747 exaratus
2103 4695 2153 4747 est
2175 4673 2272 4746 Kim-

628 4772 846 4862 collarionis,
874 4778 1155 4852 Kennicottianae
1188 4803 1227 4852 ac
1263 4801 1422 4852 nostrae.
1479 4780 1547 4862 chii
1576 4780 1679 4857 Liber
1709 4781 1861 4858 radicum
1891 4785 1970 4859 antri
2011 4809 2112 4884 1490
2136 4789 2276 4863 ethui-

630 4891 679 4960 At
716 4894 797 4963 vero
836 4913 1049 4966 accesserunt
1088 4887 1250 4996 deinceps
1287 4913 1420 4964 nostrae
1477 4917 1606 4970 cennae
1634 4899 1752 4974 Canon
1783 4898 1863 4972 anni
1900 4922 2022 4995 1491.
2059 4895 2170 4972 Tituli
2200 4899 2274 5004 plu*

628 4998 772 5074 editioni
793 4999 909 5102 'Biblia
951 5004 1158 5105 Pisaurensia
1196 5029 1251 5078 au.
1296 5028 1423 5102 1517,
1479 5009 1568 5082 rium
1598 5010 1883 5086 constitutionum
1927 5009 2113 5112 majoribus
2153 5012 2273 5088 litteris

628 5137 719 5218 quae
748 5139 859 5188 tamen
892 5114 925 5188 in
957 5110 1111 5218 reliquis
1129 5141 1347 5220 summopere
1376 5117 1421 5191 ab
1478 5119 1758 5226 distinguuntur,
1785 5123 1852 5199 sub
1881 5121 2016 5200 initium
2048 5147 2131 5200 vero
2157 5149 2271 5202 earum

625 5251 665 5300 ea
696 5229 880 5304 recedunt.
907 5233 945 5302 ltt
977 5227 1148 5316 obscuro,
1166 5228 1322 5316 difficili,
1343 5229 1420 5304 uni·
1475 5259 1563 5338 quae
1593 5236 1740 5310 vetitum
1770 5262 1805 5312 et
1836 5237 1968 5312 licitum
1999 5236 2209 5343 respiciunt,
2237 5263 2272 5314 et

618 5359 667 5414 co
703 5342 885 5418 'vocabulo
926 5363 1052 5430 tonan,
1091 5341 1187 5448 quod
1231 5367 1307 5448 cap.
1346 5367 1418 5418 vrrr
1475 5364 1530 5436 nm
1554 5371 1619 5421 sert
1645 5349 1798 5452 ¹Visionis
1826 5375 1916 5456 quae
1944 5349 1987 5426 ad
2017 5353 2147 5426 calcem
2163 5375 2273 5428 'acce-

633 5477 677 5550 13
711 5457 883 5546 occurrit,
925 5455 1077 5530 medium
1109 5457 1153 5531 he
1182 5456 1334 5544 omittit,
1362 5456 1416 5530 le·
1472 5457 1547 5546 dit,
1577 5461 1631 5536 bis
1660 5462 1869 5539 vocabulum
1899 5483 1957 5540 *nn
1988 5463 2185 5568 majusculis
2216 5466 2273 5542 lit·

624 5591 707 5676 gens
734 5587 764 5643 *a
794 5589 863 5661 nn,
904 5569 966 5644 sed
995 5568 1080 5646 illud
1124 5572 1263 5676 antiqua
1293 5595 1415 5645 manus
1472 5571 1552 5650 tetis
1579 5597 1621 5648 11
1651 5574 1724 5680 ipsa
1757 5574 1870 5684 lignea
1900 5576 2024 5652 tabella
2056 5577 2271 5686 insculptum
