<?xml version="1.0" encoding="UTF-8"?>
<!DOCTYPE html PUBLIC "-//W3C//DTD XHTML 1.0 Transitional//EN"
    "http://www.w3.org/TR/xhtml1/DTD/xhtml1-transitional.dtd">
<html xmlns="http://www.w3.org/1999/xhtml" xml:lang="en" lang="en">
 <head>
  <title>
</title>
<meta http-equiv="Content-Type" content="text/html;charset=utf-8" />
  <meta name='ocr-system' content='tesseract 3.04.00' />
  <meta name='ocr-capabilities' content='ocr_page ocr_carea ocr_par ocr_line ocrx_word'/>
</head>
<body>
  <div class='ocr_page' id='page_1' title='image "./annaleshebraeot00rossgoog_0017.png"; bbox 0 0 5222 7090; ppageno 0'>
   <div class='ocr_carea' id='block_1_1' title="bbox 798 664 1968 738">
    <p class='ocr_par' dir='ltr' id='par_1_1' title="bbox 798 664 1968 738">
     <span class='ocr_line' id='line_1_1' title="bbox 798 664 1968 738; baseline -0.001 0"><span class='ocrx_word' id='word_1_1' title='bbox 798 665 876 738; x_wconf 85' lang='lat' dir='ltr'>DE</span> <span class='ocrx_word' id='word_1_2' title='bbox 912 665 1036 735; x_wconf 83' lang='grc' dir='ltr'><em>ΗΕΒ.</em></span> <span class='ocrx_word' id='word_1_3' title='bbox 1078 664 1193 738; x_wconf 85' lang='lat' dir='ltr'>Tl&#39;P.</span> <span class='ocrx_word' id='word_1_4' title='bbox 1237 665 1466 738; x_wconf 82' lang='lat' dir='ltr'><em>ORIGINE</em></span> <span class='ocrx_word' id='word_1_5' title='bbox 1917 679 1968 737; x_wconf 75' lang='lat' dir='ltr'>X!</span> 
     </span>
    </p>
   </div>
   <div class='ocr_carea' id='block_1_2' title="bbox 311 832 1969 5124">
    <p class='ocr_par' dir='ltr' id='par_1_2' title="bbox 311 832 1969 4933">
     <span class='ocr_line' id='line_1_2' title="bbox 323 832 1969 964; baseline -0.001 -38"><span class='ocrx_word' id='word_1_6' title='bbox 323 832 471 959; x_wconf 83' lang='lat' dir='ltr'>opifex</span> <span class='ocrx_word' id='word_1_7' title='bbox 506 833 608 964; x_wconf 88' lang='lat' dir='ltr'>(cui</span> <span class='ocrx_word' id='word_1_8' title='bbox 642 835 742 926; x_wconf 91' lang='lat' dir='ltr'>haec</span> <span class='ocrx_word' id='word_1_9' title='bbox 775 833 911 959; x_wconf 87' lang='lat' dir='ltr'>gloria</span> <span class='ocrx_word' id='word_1_10' title='bbox 947 837 1118 960; x_wconf 89' lang='lat' dir='ltr'>primae·</span> <span class='ocrx_word' id='word_1_11' title='bbox 1174 839 1361 924; x_wconf 89' lang='lat' dir='ltr'>niensem</span> <span class='ocrx_word' id='word_1_12' title='bbox 1377 834 1735 942; x_wconf 87' lang='lat' dir='ltr'>consuluisset,in</span> <span class='ocrx_word' id='word_1_13' title='bbox 1752 867 1837 958; x_wconf 90' lang='lat' dir='ltr'>qua</span> <span class='ocrx_word' id='word_1_14' title='bbox 1850 867 1969 958; x_wconf 51' lang='lat' dir='ltr'>,aper-</span> 
     </span>
     <span class='ocr_line' id='line_1_3' title="bbox 322 962 1967 1090; baseline -0.001 -35"><span class='ocrx_word' id='word_1_15' title='bbox 322 999 403 1056; x_wconf 82' lang='lat' dir='ltr'>uae</span> <span class='ocrx_word' id='word_1_16' title='bbox 447 966 705 1055; x_wconf 78' lang='lat' dir='ltr'>intentionis</span> <span class='ocrx_word' id='word_1_17' title='bbox 754 962 919 1090; x_wconf 87' lang='lat' dir='ltr'>cedat)</span> <span class='ocrx_word' id='word_1_18' title='bbox 959 995 1117 1053; x_wconf 87' lang='lat' dir='ltr'>amar·</span> <span class='ocrx_word' id='word_1_19' title='bbox 1174 967 1327 1053; x_wconf 88' lang='lat' dir='ltr'>tissime</span> <span class='ocrx_word' id='word_1_20' title='bbox 1361 967 1606 1088; x_wconf 87' lang='lat' dir='ltr'>exprimitur</span> <span class='ocrx_word' id='word_1_21' title='bbox 1649 963 1967 1090; x_wconf 78' lang='lat' dir='ltr'>typographus,</span> 
     </span>
     <span class='ocr_line' id='line_1_4' title="bbox 320 1085 1967 1218; baseline -0.002 -36"><span class='ocrx_word' id='word_1_22' title='bbox 320 1091 474 1183; x_wconf 88' lang='lat' dir='ltr'>chione</span> <span class='ocrx_word' id='word_1_23' title='bbox 500 1091 718 1218; x_wconf 87' lang='lat' dir='ltr'>Maphaeo</span> <span class='ocrx_word' id='word_1_24' title='bbox 739 1085 996 1214; x_wconf 79' lang='lat' dir='ltr'>proferatur,</span> <span class='ocrx_word' id='word_1_25' title='bbox 1026 1123 1118 1214; x_wconf 87' lang='lat' dir='ltr'>per·</span> <span class='ocrx_word' id='word_1_26' title='bbox 1172 1118 1214 1180; x_wconf 91' lang='lat' dir='ltr'>et</span> <span class='ocrx_word' id='word_1_27' title='bbox 1249 1095 1282 1180; x_wconf 89' lang='lat' dir='ltr'>is</span> <span class='ocrx_word' id='word_1_28' title='bbox 1328 1089 1499 1216; x_wconf 89' lang='lat' dir='ltr'>quidem</span> <span class='ocrx_word' id='word_1_29' title='bbox 1550 1089 1829 1201; x_wconf 70' lang='lat' dir='ltr'>pisaurensis,</span> <span class='ocrx_word' id='word_1_30' title='bbox 1878 1124 1967 1180; x_wconf 88' lang='lat' dir='ltr'>non</span> 
     </span>
     <span class='ocr_line' id='line_1_5' title="bbox 319 1218 1968 1346; baseline -0.001 -36"><span class='ocrx_word' id='word_1_31' title='bbox 319 1224 464 1344; x_wconf 84' lang='lat' dir='ltr'>spicue</span> <span class='ocrx_word' id='word_1_32' title='bbox 498 1223 691 1346; x_wconf 91' lang='lat' dir='ltr'>quisquis</span> <span class='ocrx_word' id='word_1_33' title='bbox 713 1218 925 1344; x_wconf 87' lang='lat' dir='ltr'>intelliget</span> <span class='ocrx_word' id='word_1_34' title='bbox 953 1251 1041 1308; x_wconf 92' lang='lat' dir='ltr'>non</span> <span class='ocrx_word' id='word_1_35' title='bbox 1062 1253 1115 1308; x_wconf 82' lang='lat' dir='ltr'>ex</span> <span class='ocrx_word' id='word_1_36' title='bbox 1174 1218 1401 1310; x_wconf 88' lang='lat' dir='ltr'>Soncinas.</span> <span class='ocrx_word' id='word_1_37' title='bbox 1438 1218 1557 1338; x_wconf 90' lang='lat' dir='ltr'>Quid</span> <span class='ocrx_word' id='word_1_38' title='bbox 1578 1249 1719 1311; x_wconf 89' lang='lat' dir='ltr'>autem</span> <span class='ocrx_word' id='word_1_39' title='bbox 1740 1221 1857 1311; x_wconf 83' lang='lat' dir='ltr'>valet</span> <span class='ocrx_word' id='word_1_40' title='bbox 1873 1223 1968 1308; x_wconf 89' lang='lat' dir='ltr'>scri·</span> 
     </span>
     <span class='ocr_line' id='line_1_6' title="bbox 321 1345 1964 1472; baseline 0 -36"><span class='ocrx_word' id='word_1_41' title='bbox 321 1350 403 1438; x_wconf 91' lang='lat' dir='ltr'>alia</span> <span class='ocrx_word' id='word_1_42' title='bbox 435 1347 607 1439; x_wconf 87' lang='lat' dir='ltr'>officina</span> <span class='ocrx_word' id='word_1_43' title='bbox 638 1381 764 1472; x_wconf 91' lang='lat' dir='ltr'>quam</span> <span class='ocrx_word' id='word_1_44' title='bbox 798 1345 1025 1439; x_wconf 90' lang='lat' dir='ltr'>Soncinate</span> <span class='ocrx_word' id='word_1_45' title='bbox 1056 1381 1116 1440; x_wconf 90' lang='lat' dir='ltr'>re·</span> <span class='ocrx_word' id='word_1_46' title='bbox 1173 1373 1342 1470; x_wconf 90' lang='lat' dir='ltr'>ptorum</span> <span class='ocrx_word' id='word_1_47' title='bbox 1376 1380 1603 1438; x_wconf 86' lang='lat' dir='ltr'>consensus</span> <span class='ocrx_word' id='word_1_48' title='bbox 1630 1379 1727 1438; x_wconf 90' lang='lat' dir='ltr'>ante</span> <span class='ocrx_word' id='word_1_49' title='bbox 1748 1347 1964 1440; x_wconf 90' lang='lat' dir='ltr'>detectum</span> 
     </span>
     <span class='ocr_line' id='line_1_7' title="bbox 318 1473 1967 1602; baseline -0.001 -36"><span class='ocrx_word' id='word_1_50' title='bbox 318 1476 550 1600; x_wconf 87' lang='lat' dir='ltr'>petendum</span> <span class='ocrx_word' id='word_1_51' title='bbox 582 1509 670 1568; x_wconf 88' lang='lat' dir='ltr'>esse</span> <span class='ocrx_word' id='word_1_52' title='bbox 699 1475 1016 1602; x_wconf 80' lang='lat' dir='ltr'>typographum</span> <span class='ocrx_word' id='word_1_53' title='bbox 1038 1479 1113 1600; x_wconf 91' lang='lat' dir='ltr'>qui</span> <span class='ocrx_word' id='word_1_54' title='bbox 1172 1473 1485 1566; x_wconf 87' lang='lat' dir='ltr'>Bononiensem</span> <span class='ocrx_word' id='word_1_55' title='bbox 1519 1473 1641 1565; x_wconf 88' lang='lat' dir='ltr'>Pent.</span> <span class='ocrx_word' id='word_1_56' title='bbox 1673 1476 1967 1599; x_wconf 80' lang='lat' dir='ltr'>loquentium,</span> 
     </span>
     <span class='ocr_line' id='line_1_8' title="bbox 319 1601 1962 1729; baseline 0 -36"><span class='ocrx_word' id='word_1_57' title='bbox 319 1601 544 1694; x_wconf 86' lang='lat' dir='ltr'>Bononiae</span> <span class='ocrx_word' id='word_1_58' title='bbox 587 1637 639 1696; x_wconf 90' lang='lat' dir='ltr'>eo</span> <span class='ocrx_word' id='word_1_59' title='bbox 681 1637 794 1694; x_wconf 90' lang='lat' dir='ltr'>anno</span> <span class='ocrx_word' id='word_1_60' title='bbox 843 1631 1112 1694; x_wconf 90' lang='lat' dir='ltr'>memoratum</span> <span class='ocrx_word' id='word_1_61' title='bbox 1172 1635 1305 1727; x_wconf 86' lang='lat' dir='ltr'>eaque</span> <span class='ocrx_word' id='word_1_62' title='bbox 1360 1631 1495 1694; x_wconf 87' lang='lat' dir='ltr'>aetate</span> <span class='ocrx_word' id='word_1_63' title='bbox 1547 1638 1629 1729; x_wconf 91' lang='lat' dir='ltr'>qua</span> <span class='ocrx_word' id='word_1_64' title='bbox 1680 1603 1962 1694; x_wconf 84' lang='lat' dir='ltr'>Soneinenses</span> 
     </span>
     <span class='ocr_line' id='line_1_9' title="bbox 318 1729 1966 1855; baseline -0.001 -35"><span class='ocrx_word' id='word_1_65' title='bbox 318 1731 474 1822; x_wconf 88' lang='lat' dir='ltr'>librum</span> <span class='ocrx_word' id='word_1_66' title='bbox 507 1732 702 1822; x_wconf 85' lang='lat' dir='ltr'>excudit.</span> <span class='ocrx_word' id='word_1_67' title='bbox 745 1730 832 1822; x_wconf 89' lang='lat' dir='ltr'>Sed</span> <span class='ocrx_word' id='word_1_68' title='bbox 866 1763 940 1821; x_wconf 90' lang='lat' dir='ltr'>cur</span> <span class='ocrx_word' id='word_1_69' title='bbox 973 1729 1114 1855; x_wconf 83' lang='lat' dir='ltr'>diglu·</span> <span class='ocrx_word' id='word_1_70' title='bbox 1172 1731 1383 1822; x_wconf 89' lang='lat' dir='ltr'>editiones</span> <span class='ocrx_word' id='word_1_71' title='bbox 1442 1735 1598 1852; x_wconf 83' lang='lat' dir='ltr'>primae</span> <span class='ocrx_word' id='word_1_72' title='bbox 1658 1731 1966 1822; x_wconf 81' lang='lat' dir='ltr'>habebantur?</span> 
     </span>
     <span class='ocr_line' id='line_1_10' title="bbox 317 1854 1965 1984; baseline 0.001 -34"><span class='ocrx_word' id='word_1_73' title='bbox 317 1857 481 1950; x_wconf 86' lang='lat' dir='ltr'>diamur</span> <span class='ocrx_word' id='word_1_74' title='bbox 525 1863 571 1950; x_wconf 91' lang='lat' dir='ltr'>in</span> <span class='ocrx_word' id='word_1_75' title='bbox 616 1857 803 1950; x_wconf 89' lang='lat' dir='ltr'>tenebris</span> <span class='ocrx_word' id='word_1_76' title='bbox 858 1859 933 1950; x_wconf 92' lang='lat' dir='ltr'>ubi</span> <span class='ocrx_word' id='word_1_77' title='bbox 979 1854 1114 1948; x_wconf 90' lang='lat' dir='ltr'>facem</span> <span class='ocrx_word' id='word_1_78' title='bbox 1171 1856 1307 1977; x_wconf 86' lang='lat' dir='ltr'>Quod</span> <span class='ocrx_word' id='word_1_79' title='bbox 1341 1859 1393 1950; x_wconf 88' lang='lat' dir='ltr'>ad</span> <span class='ocrx_word' id='word_1_80' title='bbox 1423 1857 1678 1950; x_wconf 90' lang='lat' dir='ltr'>Ghedaliam</span> <span class='ocrx_word' id='word_1_81' title='bbox 1709 1888 1848 1952; x_wconf 89' lang='lat' dir='ltr'>tamen</span> <span class='ocrx_word' id='word_1_82' title='bbox 1869 1893 1965 1984; x_wconf 92' lang='lat' dir='ltr'>spe-</span> 
     </span>
     <span class='ocr_line' id='line_1_11' title="bbox 317 1983 1966 2110; baseline 0.002 -36"><span class='ocrx_word' id='word_1_83' title='bbox 317 1984 583 2078; x_wconf 87' lang='lat' dir='ltr'>clarissimam</span> <span class='ocrx_word' id='word_1_84' title='bbox 633 1987 759 2079; x_wconf 91' lang='lat' dir='ltr'>nobis</span> <span class='ocrx_word' id='word_1_85' title='bbox 810 1983 995 2110; x_wconf 86' lang='lat' dir='ltr'>praefert</span> <span class='ocrx_word' id='word_1_86' title='bbox 1055 1987 1111 2078; x_wconf 84' lang='lat' dir='ltr'>R.</span> <span class='ocrx_word' id='word_1_87' title='bbox 1168 2015 1279 2095; x_wconf 88' lang='lat' dir='ltr'>ctat,</span> <span class='ocrx_word' id='word_1_88' title='bbox 1312 1984 1460 2078; x_wconf 88' lang='lat' dir='ltr'>falsum</span> <span class='ocrx_word' id='word_1_89' title='bbox 1494 2015 1557 2078; x_wconf 90' lang='lat' dir='ltr'>est</span> <span class='ocrx_word' id='word_1_90' title='bbox 1588 1988 1644 2080; x_wconf 93' lang='lat' dir='ltr'>ab</span> <span class='ocrx_word' id='word_1_91' title='bbox 1676 2021 1728 2078; x_wconf 89' lang='lat' dir='ltr'>eo</span> <span class='ocrx_word' id='word_1_92' title='bbox 1760 2022 1856 2078; x_wconf 90' lang='lat' dir='ltr'>eum</span> <span class='ocrx_word' id='word_1_93' title='bbox 1890 2021 1966 2078; x_wconf 89' lang='lat' dir='ltr'>an·</span> 
     </span>
     <span class='ocr_line' id='line_1_12' title="bbox 318 2110 1964 2241; baseline 0.002 -39"><span class='ocrx_word' id='word_1_94' title='bbox 318 2110 536 2206; x_wconf 88' lang='lat' dir='ltr'>Ghedalia</span> <span class='ocrx_word' id='word_1_95' title='bbox 571 2119 616 2204; x_wconf 93' lang='lat' dir='ltr'>in</span> <span class='ocrx_word' id='word_1_96' title='bbox 648 2150 728 2206; x_wconf 90' lang='lat' dir='ltr'>suo</span> <span class='ocrx_word' id='word_1_97' title='bbox 766 2115 880 2206; x_wconf 92' lang='lat' dir='ltr'>libro</span> <span class='ocrx_word' id='word_1_98' title='bbox 912 2119 1113 2239; x_wconf 91' lang='lat' dir='ltr'>inscripto</span> <span class='ocrx_word' id='word_1_99' title='bbox 1171 2147 1269 2204; x_wconf 90' lang='lat' dir='ltr'>num</span> <span class='ocrx_word' id='word_1_100' title='bbox 1301 2119 1526 2221; x_wconf 88' lang='lat' dir='ltr'>constitui,</span> <span class='ocrx_word' id='word_1_101' title='bbox 1565 2111 1760 2240; x_wconf 85' lang='lat' dir='ltr'>falsoque</span> <span class='ocrx_word' id='word_1_102' title='bbox 1793 2149 1842 2207; x_wconf 90' lang='lat' dir='ltr'>ac</span> <span class='ocrx_word' id='word_1_103' title='bbox 1874 2151 1964 2241; x_wconf 87' lang='lat' dir='ltr'>per·</span> 
     </span>
     <span class='ocr_line' id='line_1_13' title="bbox 318 2239 1966 2368; baseline 0.001 -36"><span class='ocrx_word' id='word_1_104' title='bbox 318 2239 622 2334; x_wconf 88' lang='lat' dir='ltr'>Scialscheleth</span> <span class='ocrx_word' id='word_1_105' title='bbox 642 2241 1000 2368; x_wconf 73' lang='lat' dir='ltr'>halkabala‚qui</span> <span class='ocrx_word' id='word_1_106' title='bbox 1018 2274 1114 2334; x_wconf 90' lang='lat' dir='ltr'>tem·</span> <span class='ocrx_word' id='word_1_107' title='bbox 1170 2275 1311 2364; x_wconf 88' lang='lat' dir='ltr'>peram</span> <span class='ocrx_word' id='word_1_108' title='bbox 1346 2245 1388 2334; x_wconf 92' lang='lat' dir='ltr'>id</span> <span class='ocrx_word' id='word_1_109' title='bbox 1423 2242 1755 2355; x_wconf 80' lang='lat' dir='ltr'>aBartoloccio‚</span> <span class='ocrx_word' id='word_1_110' title='bbox 1788 2242 1966 2342; x_wconf 90' lang='lat' dir='ltr'>Chevil-</span> 
     </span>
     <span class='ocr_line' id='line_1_14' title="bbox 318 2369 1960 2494; baseline 0.002 -36"><span class='ocrx_word' id='word_1_111' title='bbox 318 2402 398 2492; x_wconf 91' lang='lat' dir='ltr'>pus</span> <span class='ocrx_word' id='word_1_112' title='bbox 430 2375 578 2461; x_wconf 85' lang='lat' dir='ltr'>statuit</span> <span class='ocrx_word' id='word_1_113' title='bbox 611 2405 699 2493; x_wconf 91' lang='lat' dir='ltr'>quo</span> <span class='ocrx_word' id='word_1_114' title='bbox 732 2374 913 2492; x_wconf 91' lang='lat' dir='ltr'>imprimi</span> <span class='ocrx_word' id='word_1_115' title='bbox 935 2405 1111 2494; x_wconf 91' lang='lat' dir='ltr'>coepere</span> <span class='ocrx_word' id='word_1_116' title='bbox 1168 2371 1278 2462; x_wconf 92' lang='lat' dir='ltr'>lerio</span> <span class='ocrx_word' id='word_1_117' title='bbox 1309 2407 1356 2463; x_wconf 91' lang='lat' dir='ltr'>ac</span> <span class='ocrx_word' id='word_1_118' title='bbox 1383 2369 1556 2466; x_wconf 85' lang='lat' dir='ltr'>Wolfio</span> <span class='ocrx_word' id='word_1_119' title='bbox 1589 2371 1774 2462; x_wconf 88' lang='lat' dir='ltr'>creditur</span> <span class='ocrx_word' id='word_1_120' title='bbox 1805 2401 1846 2462; x_wconf 91' lang='lat' dir='ltr'>et</span> <span class='ocrx_word' id='word_1_121' title='bbox 1881 2400 1960 2464; x_wconf 89' lang='lat' dir='ltr'>tra-</span> 
     </span>
     <span class='ocr_line' id='line_1_15' title="bbox 317 2495 1965 2625; baseline 0.005 -43"><span class='ocrx_word' id='word_1_122' title='bbox 317 2495 418 2586; x_wconf 92' lang='lat' dir='ltr'>heb.</span> <span class='ocrx_word' id='word_1_123' title='bbox 451 2497 579 2606; x_wconf 80' lang='lat' dir='ltr'>libri,</span> <span class='ocrx_word' id='word_1_124' title='bbox 611 2531 762 2620; x_wconf 89' lang='lat' dir='ltr'>nempe</span> <span class='ocrx_word' id='word_1_125' title='bbox 795 2531 951 2588; x_wconf 88' lang='lat' dir='ltr'>annum</span> <span class='ocrx_word' id='word_1_126' title='bbox 969 2501 1110 2588; x_wconf 90' lang='lat' dir='ltr'>mundi</span> <span class='ocrx_word' id='word_1_127' title='bbox 1168 2499 1306 2612; x_wconf 85' lang='lat' dir='ltr'>ditur,</span> <span class='ocrx_word' id='word_1_128' title='bbox 1339 2535 1447 2622; x_wconf 85' lang='lat' dir='ltr'>quos</span> <span class='ocrx_word' id='word_1_129' title='bbox 1480 2533 1636 2590; x_wconf 88' lang='lat' dir='ltr'>temere</span> <span class='ocrx_word' id='word_1_130' title='bbox 1667 2509 1859 2625; x_wconf 88' lang='lat' dir='ltr'>sequitur</span> <span class='ocrx_word' id='word_1_131' title='bbox 1893 2501 1965 2591; x_wconf 87' lang='lat' dir='ltr'>Sa·</span> 
     </span>
     <span class='ocr_line' id='line_1_16' title="bbox 325 2624 1964 2750; baseline 0.002 -38"><span class='ocrx_word' id='word_1_132' title='bbox 325 2645 445 2738; x_wconf 83' lang='lat'><em>5240</em></span> <span class='ocrx_word' id='word_1_133' title='bbox 475 2626 551 2750; x_wconf 89' lang='lat' dir='ltr'>qui</span> <span class='ocrx_word' id='word_1_134' title='bbox 579 2659 698 2716; x_wconf 88' lang='lat' dir='ltr'>aerae</span> <span class='ocrx_word' id='word_1_135' title='bbox 716 2651 881 2714; x_wconf 87' lang='lat' dir='ltr'>nostrae</span> <span class='ocrx_word' id='word_1_136' title='bbox 902 2653 963 2714; x_wconf 92' lang='lat' dir='ltr'>est</span> <span class='ocrx_word' id='word_1_137' title='bbox 990 2628 1125 2736; x_wconf 89' lang='lat'>1480.</span> <span class='ocrx_word' id='word_1_138' title='bbox 1167 2631 1282 2716; x_wconf 78' lang='lat' dir='ltr'>rrius.</span> <span class='ocrx_word' id='word_1_139' title='bbox 1322 2625 1565 2720; x_wconf 87' lang='lat' dir='ltr'>Ghedaliae</span> <span class='ocrx_word' id='word_1_140' title='bbox 1600 2626 1735 2718; x_wconf 86' lang='lat' dir='ltr'>verba</span> <span class='ocrx_word' id='word_1_141' title='bbox 1763 2624 1964 2718; x_wconf 85' lang='lat' dir='ltr'>indefini-</span> 
     </span>
     <span class='ocr_line' id='line_1_17' title="bbox 316 2749 1963 2876; baseline 0.002 -36"><span class='ocrx_word' id='word_1_142' title='bbox 316 2750 511 2876; x_wconf 84' lang='lat' dir='ltr'>adeoque</span> <span class='ocrx_word' id='word_1_143' title='bbox 529 2752 706 2844; x_wconf 88' lang='lat' dir='ltr'>biennio</span> <span class='ocrx_word' id='word_1_144' title='bbox 726 2780 822 2843; x_wconf 89' lang='lat' dir='ltr'>ante</span> <span class='ocrx_word' id='word_1_145' title='bbox 839 2749 938 2842; x_wconf 87' lang='lat' dir='ltr'>heb.</span> <span class='ocrx_word' id='word_1_146' title='bbox 953 2752 1109 2843; x_wconf 93' lang='lat' dir='ltr'>librum</span> <span class='ocrx_word' id='word_1_147' title='bbox 1167 2784 1207 2846; x_wconf 88' lang='lat' dir='ltr'>ta</span> <span class='ocrx_word' id='word_1_148' title='bbox 1240 2787 1361 2862; x_wconf 90' lang='lat' dir='ltr'>sunt,</span> <span class='ocrx_word' id='word_1_149' title='bbox 1394 2796 1454 2851; x_wconf 75' lang='lat' dir='ltr'>rm</span> <span class='ocrx_word' id='word_1_150' title='bbox 1482 2799 1553 2853; x_wconf 68' lang='lat' dir='ltr'>sn:</span> <span class='ocrx_word' id='word_1_151' title='bbox 1586 2821 1615 2865; x_wconf 70' lang='lat' dir='ltr'>n</span> <span class='ocrx_word' id='word_1_152' title='bbox 1633 2755 1713 2846; x_wconf 91' lang='lat' dir='ltr'>hac</span> <span class='ocrx_word' id='word_1_153' title='bbox 1735 2783 1869 2846; x_wconf 89' lang='lat' dir='ltr'>aetate</span> <span class='ocrx_word' id='word_1_154' title='bbox 1889 2753 1963 2845; x_wconf 83' lang='lat' dir='ltr'>vel</span> 
     </span>
     <span class='ocr_line' id='line_1_18' title="bbox 316 2878 1963 3008; baseline 0.003 -41"><span class='ocrx_word' id='word_1_155' title='bbox 316 2911 340 2967; x_wconf 91' lang='lat' dir='ltr'>a</span> <span class='ocrx_word' id='word_1_156' title='bbox 372 2878 471 2970; x_wconf 89' lang='lat' dir='ltr'>clar.</span> <span class='ocrx_word' id='word_1_157' title='bbox 508 2879 727 3002; x_wconf 91' lang='lat' dir='ltr'>Maphaeo</span> <span class='ocrx_word' id='word_1_158' title='bbox 762 2879 1017 3004; x_wconf 89' lang='lat' dir='ltr'>productum</span> <span class='ocrx_word' id='word_1_159' title='bbox 1054 2883 1110 2992; x_wconf 78' lang='lat'>„2</span> <span class='ocrx_word' id='word_1_160' title='bbox 1166 2883 1311 2974; x_wconf 87' lang='lat' dir='ltr'>seculo</span> <span class='ocrx_word' id='word_1_161' title='bbox 1344 2889 1428 2974; x_wconf 89' lang='lat' dir='ltr'>orti</span> <span class='ocrx_word' id='word_1_162' title='bbox 1447 2915 1546 2976; x_wconf 92' lang='lat' dir='ltr'>sunt</span> <span class='ocrx_word' id='word_1_163' title='bbox 1566 2883 1763 2987; x_wconf 77' lang='lat' dir='ltr'>Sensim,</span> <span class='ocrx_word' id='word_1_164' title='bbox 1790 2886 1865 3008; x_wconf 92' lang='lat' dir='ltr'>qui</span> <span class='ocrx_word' id='word_1_165' title='bbox 1886 2915 1963 3006; x_wconf 86' lang='lat' dir='ltr'>per</span> 
     </span>
     <span class='ocr_line' id='line_1_19' title="bbox 316 3005 1963 3131; baseline 0.001 -35"><span class='ocrx_word' id='word_1_166' title='bbox 316 3005 450 3126; x_wconf 87' lang='lat' dir='ltr'>Quod</span> <span class='ocrx_word' id='word_1_167' title='bbox 485 3042 613 3131; x_wconf 90' lang='lat' dir='ltr'>quum</span> <span class='ocrx_word' id='word_1_168' title='bbox 649 3041 736 3096; x_wconf 90' lang='lat' dir='ltr'>non</span> <span class='ocrx_word' id='word_1_169' title='bbox 769 3008 876 3098; x_wconf 85' lang='lat' dir='ltr'>tanti</span> <span class='ocrx_word' id='word_1_170' title='bbox 923 3042 1012 3098; x_wconf 90' lang='lat' dir='ltr'>esse</span> <span class='ocrx_word' id='word_1_171' title='bbox 1048 3044 1113 3100; x_wconf 91' lang='lat' dir='ltr'>ro·</span> <span class='ocrx_word' id='word_1_172' title='bbox 1167 3013 1325 3102; x_wconf 92' lang='lat' dir='ltr'>multos</span> <span class='ocrx_word' id='word_1_173' title='bbox 1365 3047 1496 3105; x_wconf 90' lang='lat' dir='ltr'>annos</span> <span class='ocrx_word' id='word_1_174' title='bbox 1539 3011 1814 3104; x_wconf 90' lang='lat' dir='ltr'>substiterunt</span> <span class='ocrx_word' id='word_1_175' title='bbox 1857 3009 1963 3099; x_wconf 92' lang='lat' dir='ltr'>mul·</span> 
     </span>
     <span class='ocr_line' id='line_1_20' title="bbox 315 3134 1964 3262; baseline 0 -36"><span class='ocrx_word' id='word_1_176' title='bbox 315 3134 432 3226; x_wconf 90' lang='lat' dir='ltr'>boris</span> <span class='ocrx_word' id='word_1_177' title='bbox 477 3137 743 3227; x_wconf 83' lang='lat' dir='ltr'>arbitraretur</span> <span class='ocrx_word' id='word_1_178' title='bbox 774 3135 1021 3256; x_wconf 79' lang='lat' dir='ltr'>QuiriniuS‚</span> <span class='ocrx_word' id='word_1_179' title='bbox 1066 3167 1110 3228; x_wconf 93' lang='lat' dir='ltr'>ut</span> <span class='ocrx_word' id='word_1_180' title='bbox 1168 3169 1322 3262; x_wconf 85' lang='lat' dir='ltr'>rosque</span> <span class='ocrx_word' id='word_1_181' title='bbox 1357 3141 1492 3231; x_wconf 90' lang='lat' dir='ltr'>libros</span> <span class='ocrx_word' id='word_1_182' title='bbox 1523 3141 1623 3230; x_wconf 90' lang='lat' dir='ltr'>heb.</span> <span class='ocrx_word' id='word_1_183' title='bbox 1658 3172 1747 3229; x_wconf 90' lang='lat' dir='ltr'>non</span> <span class='ocrx_word' id='word_1_184' title='bbox 1779 3141 1870 3228; x_wconf 91' lang='lat' dir='ltr'>sine</span> <span class='ocrx_word' id='word_1_185' title='bbox 1904 3140 1964 3226; x_wconf 89' lang='lat' dir='ltr'>in·</span> 
     </span>
     <span class='ocr_line' id='line_1_21' title="bbox 315 3263 1963 3392; baseline 0.001 -40"><span class='ocrx_word' id='word_1_186' title='bbox 315 3290 453 3354; x_wconf 91' lang='lat' dir='ltr'>actum</span> <span class='ocrx_word' id='word_1_187' title='bbox 479 3267 637 3355; x_wconf 90' lang='lat' dir='ltr'>censeri</span> <span class='ocrx_word' id='word_1_188' title='bbox 655 3263 829 3354; x_wconf 90' lang='lat' dir='ltr'>deberet</span> <span class='ocrx_word' id='word_1_189' title='bbox 849 3264 904 3354; x_wconf 87' lang='lat' dir='ltr'>de</span> <span class='ocrx_word' id='word_1_190' title='bbox 924 3299 977 3354; x_wconf 92' lang='lat' dir='ltr'>eo</span> <span class='ocrx_word' id='word_1_191' title='bbox 1001 3269 1113 3388; x_wconf 91' lang='lat' dir='ltr'>prin·</span> <span class='ocrx_word' id='word_1_192' title='bbox 1167 3274 1278 3392; x_wconf 87' lang='lat' dir='ltr'>signi</span> <span class='ocrx_word' id='word_1_193' title='bbox 1312 3267 1478 3360; x_wconf 89' lang='lat' dir='ltr'>lsraelis</span> <span class='ocrx_word' id='word_1_194' title='bbox 1517 3269 1703 3358; x_wconf 90' lang='lat' dir='ltr'>utilitate</span> <span class='ocrx_word' id='word_1_195' title='bbox 1744 3268 1963 3390; x_wconf 83' lang='lat' dir='ltr'>impresse-</span> 
     </span>
     <span class='ocr_line' id='line_1_22' title="bbox 313 3387 1962 3520; baseline 0.001 -38"><span class='ocrx_word' id='word_1_196' title='bbox 313 3395 456 3514; x_wconf 88' lang='lat' dir='ltr'>cipatu</span> <span class='ocrx_word' id='word_1_197' title='bbox 491 3427 615 3518; x_wconf 91' lang='lat' dir='ltr'>quem</span> <span class='ocrx_word' id='word_1_198' title='bbox 640 3387 840 3516; x_wconf 86' lang='lat' dir='ltr'>Maffejus</span> <span class='ocrx_word' id='word_1_199' title='bbox 861 3390 1110 3484; x_wconf 88' lang='lat' dir='ltr'>Bononien-</span> <span class='ocrx_word' id='word_1_200' title='bbox 1168 3422 1268 3486; x_wconf 89' lang='lat' dir='ltr'>runt</span> <span class='ocrx_word' id='word_1_201' title='bbox 1301 3461 1330 3508; x_wconf 82' lang='lat'>„</span> <span class='ocrx_word' id='word_1_202' title='bbox 1362 3425 1405 3488; x_wconf 87' lang='lat' dir='ltr'>ct</span> <span class='ocrx_word' id='word_1_203' title='bbox 1445 3399 1480 3488; x_wconf 89' lang='lat' dir='ltr'>si</span> <span class='ocrx_word' id='word_1_204' title='bbox 1516 3431 1563 3488; x_wconf 89' lang='lat' dir='ltr'>ea</span> <span class='ocrx_word' id='word_1_205' title='bbox 1595 3393 1764 3520; x_wconf 78' lang='lat' dir='ltr'>quidem</span> <span class='ocrx_word' id='word_1_206' title='bbox 1799 3395 1855 3484; x_wconf 91' lang='lat' dir='ltr'>de</span> <span class='ocrx_word' id='word_1_207' title='bbox 1887 3391 1962 3484; x_wconf 89' lang='lat' dir='ltr'>de-</span> 
     </span>
     <span class='ocr_line' id='line_1_23' title="bbox 315 3519 1964 3634; baseline 0.001 -24"><span class='ocrx_word' id='word_1_208' title='bbox 315 3525 348 3610; x_wconf 92' lang='lat' dir='ltr'>si</span> <span class='ocrx_word' id='word_1_209' title='bbox 383 3519 506 3612; x_wconf 85' lang='lat' dir='ltr'>Pent·</span> <span class='ocrx_word' id='word_1_210' title='bbox 538 3520 826 3629; x_wconf 86' lang='lat' dir='ltr'>adscribebat,</span> <span class='ocrx_word' id='word_1_211' title='bbox 861 3523 1010 3612; x_wconf 89' lang='lat' dir='ltr'>iterum</span> <span class='ocrx_word' id='word_1_212' title='bbox 1044 3557 1110 3612; x_wconf 88' lang='lat' dir='ltr'>re·</span> <span class='ocrx_word' id='word_1_213' title='bbox 1166 3519 1292 3619; x_wconf 90' lang='lat' dir='ltr'>finito</span> <span class='ocrx_word' id='word_1_214' title='bbox 1328 3558 1441 3616; x_wconf 89' lang='lat' dir='ltr'>anno</span> <span class='ocrx_word' id='word_1_215' title='bbox 1479 3524 1679 3617; x_wconf 89' lang='lat' dir='ltr'>sumenda</span> <span class='ocrx_word' id='word_1_216' title='bbox 1711 3550 1868 3634; x_wconf 82' lang='lat' dir='ltr'>essent,</span> <span class='ocrx_word' id='word_1_217' title='bbox 1903 3554 1964 3612; x_wconf 74' lang='lat' dir='ltr'>re·</span> 
     </span>
     <span class='ocr_line' id='line_1_24' title="bbox 314 3648 1956 3776; baseline 0 -38"><span class='ocrx_word' id='word_1_218' title='bbox 314 3652 454 3776; x_wconf 80' lang='lat' dir='ltr'>posuit</span> <span class='ocrx_word' id='word_1_219' title='bbox 486 3650 640 3742; x_wconf 76' lang='lat' dir='ltr'>Sarius</span> <span class='ocrx_word' id='word_1_220' title='bbox 665 3714 694 3759; x_wconf 81' lang='lat'>‚,</span> <span class='ocrx_word' id='word_1_221' title='bbox 719 3683 808 3740; x_wconf 89' lang='lat' dir='ltr'>non</span> <span class='ocrx_word' id='word_1_222' title='bbox 842 3655 911 3774; x_wconf 88' lang='lat' dir='ltr'>agi</span> <span class='ocrx_word' id='word_1_223' title='bbox 944 3679 1110 3740; x_wconf 91' lang='lat' dir='ltr'>contro·</span> <span class='ocrx_word' id='word_1_224' title='bbox 1165 3649 1265 3744; x_wconf 89' lang='lat' dir='ltr'>ferri</span> <span class='ocrx_word' id='word_1_225' title='bbox 1297 3654 1503 3746; x_wconf 90' lang='lat' dir='ltr'>deberent</span> <span class='ocrx_word' id='word_1_226' title='bbox 1536 3652 1589 3744; x_wconf 91' lang='lat' dir='ltr'>ad</span> <span class='ocrx_word' id='word_1_227' title='bbox 1623 3648 1710 3744; x_wconf 75' lang='lat'>261</span> <span class='ocrx_word' id='word_1_228' title='bbox 1738 3684 1812 3742; x_wconf 90' lang='lat' dir='ltr'>seu</span> <span class='ocrx_word' id='word_1_229' title='bbox 1841 3673 1956 3768; x_wconf 83' lang='lat'><em>1501</em></span> 
     </span>
     <span class='ocr_line' id='line_1_25' title="bbox 315 3777 1963 3907; baseline 0.002 -43"><span class='ocrx_word' id='word_1_230' title='bbox 315 3781 490 3869; x_wconf 88' lang='lat' dir='ltr'>versiam</span> <span class='ocrx_word' id='word_1_231' title='bbox 534 3779 589 3868; x_wconf 91' lang='lat' dir='ltr'>de</span> <span class='ocrx_word' id='word_1_232' title='bbox 638 3810 751 3868; x_wconf 89' lang='lat' dir='ltr'>anno</span> <span class='ocrx_word' id='word_1_233' title='bbox 796 3813 886 3904; x_wconf 92' lang='lat' dir='ltr'>quo</span> <span class='ocrx_word' id='word_1_234' title='bbox 930 3781 1109 3903; x_wconf 88' lang='lat' dir='ltr'>primum</span> <span class='ocrx_word' id='word_1_235' title='bbox 1166 3787 1243 3907; x_wconf 91' lang='lat' dir='ltr'>qui</span> <span class='ocrx_word' id='word_1_236' title='bbox 1276 3787 1467 3905; x_wconf 88' lang='lat' dir='ltr'>proxime</span> <span class='ocrx_word' id='word_1_237' title='bbox 1513 3780 1752 3904; x_wconf 86' lang='lat' dir='ltr'>praecedit,</span> <span class='ocrx_word' id='word_1_238' title='bbox 1785 3811 1873 3869; x_wconf 88' lang='lat' dir='ltr'>non</span> <span class='ocrx_word' id='word_1_239' title='bbox 1907 3777 1963 3868; x_wconf 91' lang='lat' dir='ltr'>ad</span> 
     </span>
     <span class='ocr_line' id='line_1_26' title="bbox 315 3905 1965 4027; baseline 0.001 -32"><span class='ocrx_word' id='word_1_240' title='bbox 315 3905 507 3996; x_wconf 89' lang='lat' dir='ltr'>adhiberi</span> <span class='ocrx_word' id='word_1_241' title='bbox 558 3910 778 4027; x_wconf 89' lang='lat' dir='ltr'>coeperint</span> <span class='ocrx_word' id='word_1_242' title='bbox 821 3906 921 3996; x_wconf 87' lang='lat' dir='ltr'>heb.</span> <span class='ocrx_word' id='word_1_243' title='bbox 964 3906 1111 3996; x_wconf 86' lang='lat' dir='ltr'>chara·</span> <span class='ocrx_word' id='word_1_244' title='bbox 1168 3917 1430 4003; x_wconf 86' lang='lat' dir='ltr'>remotiorem</span> <span class='ocrx_word' id='word_1_245' title='bbox 1465 3936 1584 4024; x_wconf 76' lang='lat'>240.</span> <span class='ocrx_word' id='word_1_246' title='bbox 1627 3907 1720 4000; x_wconf 90' lang='lat' dir='ltr'>Nec</span> <span class='ocrx_word' id='word_1_247' title='bbox 1754 3909 1897 3998; x_wconf 87' lang='lat' dir='ltr'>asserit</span> <span class='ocrx_word' id='word_1_248' title='bbox 1930 3909 1965 3996; x_wconf 93' lang='lat' dir='ltr'>is</span> 
     </span>
     <span class='ocr_line' id='line_1_27' title="bbox 312 4031 1962 4160; baseline 0 -36"><span class='ocrx_word' id='word_1_249' title='bbox 312 4063 446 4124; x_wconf 89' lang='lat' dir='ltr'>cteres</span> <span class='ocrx_word' id='word_1_250' title='bbox 480 4038 525 4124; x_wconf 90' lang='lat' dir='ltr'>in</span> <span class='ocrx_word' id='word_1_251' title='bbox 558 4035 764 4124; x_wconf 89' lang='lat' dir='ltr'>cudendis</span> <span class='ocrx_word' id='word_1_252' title='bbox 798 4033 967 4160; x_wconf 86' lang='lat' dir='ltr'>linguae</span> <span class='ocrx_word' id='word_1_253' title='bbox 994 4033 1112 4124; x_wconf 90' lang='lat' dir='ltr'>illius</span> <span class='ocrx_word' id='word_1_254' title='bbox 1166 4070 1219 4128; x_wconf 91' lang='lat' dir='ltr'>eo</span> <span class='ocrx_word' id='word_1_255' title='bbox 1254 4071 1367 4128; x_wconf 85' lang='lat' dir='ltr'>anno</span> <span class='ocrx_word' id='word_1_256' title='bbox 1399 4035 1610 4129; x_wconf 90' lang='lat' dir='ltr'>Soncinos</span> <span class='ocrx_word' id='word_1_257' title='bbox 1642 4036 1776 4127; x_wconf 92' lang='lat' dir='ltr'>libros</span> <span class='ocrx_word' id='word_1_258' title='bbox 1798 4031 1962 4136; x_wconf 89' lang='lat' dir='ltr'>cudisse</span> 
     </span>
     <span class='ocr_line' id='line_1_28' title="bbox 312 4161 1963 4288; baseline -0.002 -36"><span class='ocrx_word' id='word_1_259' title='bbox 312 4161 557 4274; x_wconf 80' lang='lat' dir='ltr'>codicibus,</span> <span class='ocrx_word' id='word_1_260' title='bbox 597 4161 671 4254; x_wconf 90' lang='lat' dir='ltr'>sed</span> <span class='ocrx_word' id='word_1_261' title='bbox 714 4161 770 4252; x_wconf 84' lang='lat' dir='ltr'>de</span> <span class='ocrx_word' id='word_1_262' title='bbox 813 4161 911 4252; x_wconf 93' lang='lat' dir='ltr'>loco</span> <span class='ocrx_word' id='word_1_263' title='bbox 945 4167 1111 4286; x_wconf 86' lang='lat' dir='ltr'>inquo</span> <span class='ocrx_word' id='word_1_264' title='bbox 1167 4192 1238 4257; x_wconf 90' lang='lat' dir='ltr'>aut</span> <span class='ocrx_word' id='word_1_265' title='bbox 1271 4165 1425 4257; x_wconf 89' lang='lat' dir='ltr'>cudere</span> <span class='ocrx_word' id='word_1_266' title='bbox 1454 4169 1669 4288; x_wconf 87' lang='lat' dir='ltr'>coepisse,</span> <span class='ocrx_word' id='word_1_267' title='bbox 1702 4189 1774 4252; x_wconf 89' lang='lat' dir='ltr'>aut</span> <span class='ocrx_word' id='word_1_268' title='bbox 1807 4163 1963 4284; x_wconf 90' lang='lat' dir='ltr'>primos</span> 
     </span>
     <span class='ocr_line' id='line_1_29' title="bbox 312 4284 1964 4419; baseline -0.002 -40"><span class='ocrx_word' id='word_1_269' title='bbox 312 4294 492 4413; x_wconf 91' lang='lat' dir='ltr'>primum</span> <span class='ocrx_word' id='word_1_270' title='bbox 541 4293 734 4398; x_wconf 87' lang='lat' dir='ltr'>inventi,</span> <span class='ocrx_word' id='word_1_271' title='bbox 778 4322 987 4382; x_wconf 90' lang='lat' dir='ltr'>consensu</span> <span class='ocrx_word' id='word_1_272' title='bbox 1021 4324 1111 4380; x_wconf 91' lang='lat' dir='ltr'>om·</span> <span class='ocrx_word' id='word_1_273' title='bbox 1167 4297 1351 4385; x_wconf 86' lang='lat' dir='ltr'>nationis</span> <span class='ocrx_word' id='word_1_274' title='bbox 1399 4284 1495 4386; x_wconf 88' lang='lat' dir='ltr'>suae</span> <span class='ocrx_word' id='word_1_275' title='bbox 1547 4288 1842 4419; x_wconf 87' lang='lat' dir='ltr'>typographos</span> <span class='ocrx_word' id='word_1_276' title='bbox 1890 4321 1964 4378; x_wconf 84' lang='lat' dir='ltr'>eos</span> 
     </span>
     <span class='ocr_line' id='line_1_30' title="bbox 312 4415 1964 4546; baseline -0.004 -37"><span class='ocrx_word' id='word_1_277' title='bbox 312 4423 430 4509; x_wconf 93' lang='lat' dir='ltr'>nium</span> <span class='ocrx_word' id='word_1_278' title='bbox 462 4415 634 4513; x_wconf 88' lang='lat' dir='ltr'>Judaeis</span> <span class='ocrx_word' id='word_1_279' title='bbox 672 4417 977 4511; x_wconf 88' lang='lat' dir='ltr'>Soncinatibus</span> <span class='ocrx_word' id='word_1_280' title='bbox 1008 4420 1112 4544; x_wconf 88' lang='lat' dir='ltr'>glo·</span> <span class='ocrx_word' id='word_1_281' title='bbox 1166 4418 1319 4532; x_wconf 77' lang='lat' dir='ltr'>fuisse,</span> <span class='ocrx_word' id='word_1_282' title='bbox 1352 4425 1396 4511; x_wconf 95' lang='lat' dir='ltr'>in</span> <span class='ocrx_word' id='word_1_283' title='bbox 1430 4454 1517 4546; x_wconf 88' lang='lat' dir='ltr'>quo</span> <span class='ocrx_word' id='word_1_284' title='bbox 1550 4419 1702 4546; x_wconf 91' lang='lat' dir='ltr'>paullo</span> <span class='ocrx_word' id='word_1_285' title='bbox 1730 4445 1830 4509; x_wconf 89' lang='lat' dir='ltr'>ante</span> <span class='ocrx_word' id='word_1_286' title='bbox 1856 4415 1964 4504; x_wconf 86' lang='lat' dir='ltr'>vidi·</span> 
     </span>
     <span class='ocr_line' id='line_1_31' title="bbox 312 4543 1961 4674; baseline -0.001 -38"><span class='ocrx_word' id='word_1_287' title='bbox 312 4553 414 4638; x_wconf 89' lang='lat' dir='ltr'>riam</span> <span class='ocrx_word' id='word_1_288' title='bbox 442 4549 554 4642; x_wconf 89' lang='lat' dir='ltr'>hanc</span> <span class='ocrx_word' id='word_1_289' title='bbox 580 4549 735 4660; x_wconf 82' lang='lat' dir='ltr'>tribui,</span> <span class='ocrx_word' id='word_1_290' title='bbox 764 4551 964 4674; x_wconf 90' lang='lat' dir='ltr'>quocirca</span> <span class='ocrx_word' id='word_1_291' title='bbox 996 4545 1111 4636; x_wconf 86' lang='lat' dir='ltr'>affir·</span> <span class='ocrx_word' id='word_1_292' title='bbox 1169 4585 1257 4642; x_wconf 90' lang='lat' dir='ltr'>mus</span> <span class='ocrx_word' id='word_1_293' title='bbox 1291 4585 1385 4642; x_wconf 91' lang='lat' dir='ltr'>eum</span> <span class='ocrx_word' id='word_1_294' title='bbox 1419 4551 1540 4640; x_wconf 89' lang='lat' dir='ltr'>aliter</span> <span class='ocrx_word' id='word_1_295' title='bbox 1572 4552 1728 4639; x_wconf 90' lang='lat' dir='ltr'>sentire</span> <span class='ocrx_word' id='word_1_296' title='bbox 1770 4543 1961 4669; x_wconf 89' lang='lat' dir='ltr'>maleque</span> 
     </span>
     <span class='ocr_line' id='line_1_32' title="bbox 311 4672 1964 4802; baseline -0.002 -36"><span class='ocrx_word' id='word_1_297' title='bbox 311 4677 508 4768; x_wconf 81' lang='lat' dir='ltr'>mandam</span> <span class='ocrx_word' id='word_1_298' title='bbox 538 4682 786 4800; x_wconf 87' lang='lat' dir='ltr'>praemissos</span> <span class='ocrx_word' id='word_1_299' title='bbox 808 4672 935 4766; x_wconf 90' lang='lat' dir='ltr'>fuisse</span> <span class='ocrx_word' id='word_1_300' title='bbox 967 4675 1111 4768; x_wconf 90' lang='lat' dir='ltr'>Bono-</span> <span class='ocrx_word' id='word_1_301' title='bbox 1167 4681 1334 4773; x_wconf 86' lang='lat' dir='ltr'>laudem</span> <span class='ocrx_word' id='word_1_302' title='bbox 1369 4679 1478 4770; x_wconf 90' lang='lat' dir='ltr'>hanc</span> <span class='ocrx_word' id='word_1_303' title='bbox 1512 4676 1770 4802; x_wconf 91' lang='lat' dir='ltr'>Bombergio</span> <span class='ocrx_word' id='word_1_304' title='bbox 1804 4673 1964 4764; x_wconf 88' lang='lat' dir='ltr'>tribue-</span> 
     </span>
     <span class='ocr_line' id='line_1_33' title="bbox 311 4801 1661 4933; baseline 0.001 -40"><span class='ocrx_word' id='word_1_305' title='bbox 311 4808 423 4898; x_wconf 89' lang='lat' dir='ltr'>niam</span> <span class='ocrx_word' id='word_1_306' title='bbox 457 4841 480 4897; x_wconf 90' lang='lat' dir='ltr'>e</span> <span class='ocrx_word' id='word_1_307' title='bbox 513 4810 674 4933; x_wconf 89' lang='lat' dir='ltr'>gremio</span> <span class='ocrx_word' id='word_1_308' title='bbox 718 4806 888 4896; x_wconf 88' lang='lat' dir='ltr'>illorum</span> <span class='ocrx_word' id='word_1_309' title='bbox 932 4801 1109 4930; x_wconf 89' lang='lat' dir='ltr'>opifices</span> <span class='ocrx_word' id='word_1_310' title='bbox 1167 4845 1211 4901; x_wconf 88' lang='lat' dir='ltr'>re</span> <span class='ocrx_word' id='word_1_311' title='bbox 1246 4809 1376 4933; x_wconf 88' lang='lat' dir='ltr'>longe</span> <span class='ocrx_word' id='word_1_312' title='bbox 1409 4807 1661 4932; x_wconf 84' lang='lat' dir='ltr'>posteriori.</span> 
     </span>
    </p>

    <p class='ocr_par' dir='ltr' id='par_1_3' title="bbox 312 4927 1641 5124">
     <span class='ocr_line' id='line_1_34' title="bbox 312 4927 1641 5124; baseline -0.005 -96"><span class='ocrx_word' id='word_1_313' title='bbox 312 4927 389 5058; x_wconf 65' lang='lat' dir='ltr'>qui</span> <span class='ocrx_word' id='word_1_314' title='bbox 422 4937 468 5026; x_wconf 92' lang='lat' dir='ltr'>in</span> <span class='ocrx_word' id='word_1_315' title='bbox 501 4935 607 5026; x_wconf 88' lang='lat' dir='ltr'>urbe</span> <span class='ocrx_word' id='word_1_316' title='bbox 641 4933 717 5026; x_wconf 88' lang='lat' dir='ltr'>illa</span> <span class='ocrx_word' id='word_1_317' title='bbox 750 4935 907 5058; x_wconf 91' lang='lat' dir='ltr'>primos</span> <span class='ocrx_word' id='word_1_318' title='bbox 935 4959 1110 5024; x_wconf 88' lang='lat' dir='ltr'>conatus</span> <span class='ocrx_word' id='word_1_319' title='bbox 1488 4997 1517 5124; x_wconf 60' lang='lat' dir='ltr'>S</span> <span class='ocrx_word' id='word_1_320' title='bbox 1582 5030 1641 5090; x_wconf 57' lang='lat' dir='ltr'>IX</span> 
     </span>
    </p>
   </div>
   <div class='ocr_carea' id='block_1_3' title="bbox 312 5061 1845 5300">
    <p class='ocr_par' dir='ltr' id='par_1_4' title="bbox 312 5061 1845 5300">
     <span class='ocr_line' id='line_1_35' title="bbox 312 5061 1110 5188; baseline -0.041 -6"><span class='ocrx_word' id='word_1_321' title='bbox 312 5088 533 5158; x_wconf 83' lang='lat' dir='ltr'>exererent</span> <span class='ocrx_word' id='word_1_322' title='bbox 566 5125 610 5170; x_wconf 63' lang='grc' dir='ltr'>,ν</span> <span class='ocrx_word' id='word_1_323' title='bbox 644 5061 695 5154; x_wconf 93' lang='lat' dir='ltr'>In</span> <span class='ocrx_word' id='word_1_324' title='bbox 727 5095 815 5188; x_wconf 90' lang='lat' dir='ltr'>quo</span> <span class='ocrx_word' id='word_1_325' title='bbox 849 5095 975 5186; x_wconf 86' lang='lat' dir='ltr'>quam</span> <span class='ocrx_word' id='word_1_326' title='bbox 1000 5095 1110 5152; x_wconf 92' lang='lat' dir='ltr'>cras-</span> 
     </span>
     <span class='ocr_line' id='line_1_36' title="bbox 312 5165 1845 5300; baseline -0.016 -15"><span class='ocrx_word' id='word_1_327' title='bbox 312 5221 357 5284; x_wconf 84' lang='lat' dir='ltr'>se</span> <span class='ocrx_word' id='word_1_328' title='bbox 397 5193 749 5300; x_wconf 89' lang='lat' dir='ltr'>hallucinaretur‚</span> <span class='ocrx_word' id='word_1_329' title='bbox 799 5191 977 5280; x_wconf 83' lang='lat' dir='ltr'>vidisset</span> <span class='ocrx_word' id='word_1_330' title='bbox 1008 5221 1108 5280; x_wconf 90' lang='lat' dir='ltr'>sane</span> <span class='ocrx_word' id='word_1_331' title='bbox 1280 5175 1350 5246; x_wconf 78' lang='lat' dir='ltr'>·Aa</span> <span class='ocrx_word' id='word_1_332' title='bbox 1379 5171 1567 5244; x_wconf 67' lang='lat' dir='ltr'>Pl⁶⁶²³⁰⁶⁶²</span> <span class='ocrx_word' id='word_1_333' title='bbox 1594 5193 1682 5241; x_wconf 67' lang='lat' dir='ltr'>anno</span> <span class='ocrx_word' id='word_1_334' title='bbox 1720 5165 1845 5264; x_wconf 59' lang='lat'>¹47&amp;</span> 
     </span>
    </p>
   </div>
   <div class='ocr_carea' id='block_1_4' title="bbox 313 5307 1969 5572">
    <p class='ocr_par' dir='ltr' id='par_1_5' title="bbox 313 5307 1969 5572">
     <span class='ocr_line' id='line_1_37' title="bbox 314 5307 1967 5446; baseline -0.014 -33"><span class='ocrx_word' id='word_1_335' title='bbox 314 5319 380 5414; x_wconf 84' lang='lat' dir='ltr'>vir</span> <span class='ocrx_word' id='word_1_336' title='bbox 412 5325 611 5446; x_wconf 89' lang='lat' dir='ltr'>pristinae</span> <span class='ocrx_word' id='word_1_337' title='bbox 644 5322 862 5446; x_wconf 89' lang='lat' dir='ltr'>opinionis</span> <span class='ocrx_word' id='word_1_338' title='bbox 895 5320 1109 5410; x_wconf 85' lang='lat' dir='ltr'>tenacissi·</span> <span class='ocrx_word' id='word_1_339' title='bbox 1256 5309 1319 5403; x_wconf 83' lang='lat' dir='ltr'>At</span> <span class='ocrx_word' id='word_1_340' title='bbox 1336 5312 1434 5404; x_wconf 86' lang='lat' dir='ltr'>dunt</span> <span class='ocrx_word' id='word_1_341' title='bbox 1452 5307 1844 5432; x_wconf 90' lang='lat' dir='ltr'>haecdisputabant</span> <span class='ocrx_word' id='word_1_342' title='bbox 1861 5333 1967 5392; x_wconf 91' lang='lat' dir='ltr'>sum·</span> 
     </span>
     <span class='ocr_line' id='line_1_38' title="bbox 313 5431 1969 5572; baseline -0.014 -32"><span class='ocrx_word' id='word_1_343' title='bbox 313 5483 430 5564; x_wconf 79' lang='lat' dir='ltr'>mus,</span> <span class='ocrx_word' id='word_1_344' title='bbox 463 5454 497 5541; x_wconf 89' lang='lat' dir='ltr'>si</span> <span class='ocrx_word' id='word_1_345' title='bbox 531 5450 762 5542; x_wconf 90' lang='lat' dir='ltr'>editionem</span> <span class='ocrx_word' id='word_1_346' title='bbox 804 5451 934 5572; x_wconf 87' lang='lat' dir='ltr'>ipsam</span> <span class='ocrx_word' id='word_1_347' title='bbox 969 5445 1114 5538; x_wconf 90' lang='lat' dir='ltr'>Bono·</span> <span class='ocrx_word' id='word_1_348' title='bbox 1168 5445 1227 5533; x_wconf 92' lang='lat' dir='ltr'>mi</span> <span class='ocrx_word' id='word_1_349' title='bbox 1248 5444 1353 5554; x_wconf 87' lang='lat' dir='ltr'>viri,</span> <span class='ocrx_word' id='word_1_350' title='bbox 1373 5469 1460 5530; x_wconf 89' lang='lat' dir='ltr'>non</span> <span class='ocrx_word' id='word_1_351' title='bbox 1491 5462 1701 5532; x_wconf 85' lang='lat' dir='ltr'>noverant</span> <span class='ocrx_word' id='word_1_352' title='bbox 1741 5431 1969 5548; x_wconf 89' lang='lat' dir='ltr'>editionem</span> 
     </span>
    </p>
   </div>
   <div class='ocr_carea' id='block_1_5' title="bbox 0 0 2616 7090">
    <p class='ocr_par' dir='ltr' id='par_1_6' title="bbox 0 0 2616 7090">
     <span class='ocr_line' id='line_1_39' title="bbox 0 0 2616 7090; baseline 0 6"><span class='ocrx_word' id='word_1_353' title='bbox 0 0 2616 7090; x_wconf 95' lang='lat' dir='ltr'> </span> 
     </span>
    </p>
   </div>
  </div>
 </body>
</html>
