5222 7090
699 698 749 767 ι,
1117 673 1484 760 annates
1540 653 1892 746 ιιι-ιιι.

695 847 880 924 Mutinensi
930 847 1111 923 nouissima
1157 871 1239 922 eum
1287 848 1481 934 reuocauit,
1536 845 1652 934 abest,
1681 868 1719 921 ut
1756 844 1867 956 sqrmr
1897 845 2001 920 nostri
2041 843 2246 922 characteris
2273 845 2317 922 ad

695 987 837 1036 monens
858 983 1004 1063 quatuor
1025 984 1043 1034 a
1066 983 1121 1033 me
1141 957 1295 1036 detectos
1318 958 1372 1036 trel
1402 985 1480 1066 pro·
1537 963 1610 1060 ejus
1637 958 1839 1066 elegantiam
1878 956 2036 1044 accedat,
2064 985 2154 1062 quae
2182 959 2215 1032 in
2247 963 2322 1034 Lu-

695 1073 782 1150 latos
809 1069 914 1146 libros
942 1071 1043 1147 fuisse
1072 1072 1279 1148 Bononiensi
1300 1077 1479 1148 Pentateu·
1535 1071 1652 1148 sitauis
1672 1071 1880 1146 editionibus
1901 1069 2191 1176 deprehenditur·
2213 1070 2321 1170 Quod

693 1188 761 1262 cho
791 1185 1008 1271 vetustiores,
1048 1207 1086 1260 ttt
1124 1185 1296 1262 reuocauit
1334 1184 1479 1260 Kennic.
1535 1207 1649 1260 tamen
1681 1183 1874 1258 mirandum
1917 1209 2088 1274 nonest,
2124 1209 2234 1288 quum
2264 1209 2322 1258 sa-

695 1297 906 1428 principatus
936 1295 1141 1372 honorem
1133 1320 1220 1372 tuter
1247 1296 1481 1374 editionessa·
1541 1299 1610 1404 piat
1649 1320 1762 1371 noster
1798 1320 1906 1370 artem
1944 1321 1978 1370 et
2017 1319 2164 1371 aetatem
2205 1294 2320 1372 adhuc

609 1455 612 1462 Δ
695 1413 744 1488 cri
776 1433 911 1496 textus,
938 1436 1041 1514 quem
1072 1409 1103 1483 ei
1131 1407 1337 1486 detulerat
1327 1436 1362 1483 tn
1391 1433 1480 1484 statu
1537 1433 1754 1494 nascentem,
1792 1408 1958 1483 lusitanus
1998 1433 2221 1512 provectam,
2267 1408 2323 1484 hic

693 1522 885 1602 collationis
911 1547 963 1595 an.
1000 1523 1124 1620 1767.
1152 1522 1335 1598 Praecessit
1363 1520 1477 1608 enim,
1535 1521 1579 1597 ab
1609 1522 1694 1596 ltalo
1722 1522 1850 1602 Judaeo
1879 1521 2044 1628 prodeat,
2082 1521 2144 1625 qui
2175 1521 2323 1625 primunt

695 1661 734 1714 nt
773 1635 950 1724 vidimus,
987 1631 1185 1710 Psalterium
1226 1635 1307 1711 anni
1354 1655 1481 1732 1477.
1537 1633 1607 1710 edit
1633 1638 1707 1734 ejus
1733 1634 1930 1740 specimen,
1967 1631 2052 1708 alter
2092 1633 2137 1708 ab
2165 1635 2324 1738 Hispanis

695 1757 825 1828 Verum
853 1749 880 1822 si
910 1750 1017 1853 prima
1053 1773 1121 1821 nou
1151 1771 1204 1822 est
1230 1748 1315 1824 sacri
1345 1770 1481 1835 textus,
1537 1746 1778 1854 calligrapltiae
1819 1744 1978 1822 laudibus
2028 1744 2323 1823 celebratissimis.

695 1863 806 1969 prima
829 1885 907 1935 sane
937 1886 987 1962 est
1016 1859 1236 1936 Pentateuclti
1263 1884 1299 1938 er
1326 1857 1481 1935 cltaldati-
1537 1859 1720 1936 Cltatacter
1740 1859 1904 1966 Tatgumi
1922 1882 1956 1934 et
1979 1861 2220 1935 Commentarii
2245 1859 2326 1936 tab·

610 1979 613 1986 ’
694 1999 755 2052 eae
797 1972 964 2048 Onlrelosi
1000 1973 1231 2079 Parrptuasis,
1268 1996 1302 2049 et
1338 1969 1480 2077 quidem
1536 1970 1669 2048 binicus
1696 1996 1767 2059 est,
1809 1974 1914 2078 magis
1942 1995 2057 2046 tamen
2097 1969 2140 2046 ad
2170 1970 2322 2077 quadra-

696 2085 962 2164 luculentissima
982 2109 1017 2160 et
1037 2085 1286 2162 accuratissima
1313 2083 1441 2160 editio.
1536 2107 1611 2159 turn
1652 2085 1839 2175 accedens,
1878 2111 1982 2190 quarn
2012 2083 2220 2172 hodiernus,
2251 2087 2325 2161 mi-

702 2203 817 2274 ·Ea
846 2201 960 2274 statim
982 2225 1002 2273 a
1024 2221 1120 2274 textu
1149 2199 1225 2326 ipso
1248 2197 1389 2314 incipit,
1409 2196 1484 2272 solo
1540 2197 1724 2286 nusculus,
1752 2221 1802 2273 sat
1831 2196 1988 2303 elegans,
2016 2195 2168 2298 ejusdem
2192 2198 2325 2276 formae

697 2311 917 2421 praefixum
946 2311 1112 2415 superiori
1142 2311 1284 2417 paginae
1314 2333 1408 2417 parte
1438 2308 1480 2383 ti·
1539 2336 1620 2386 cnm
1649 2335 1715 2397 eo,
1753 2308 1815 2415 qui
1854 2308 2029 2385 adhibitus
2070 2335 2121 2386 est
2159 2313 2194 2384 in
2224 2315 2328 2388 Kim-

695 2425 773 2501 tulo
800 2424 952 2499 Rasciani
976 2423 1221 2500 commentarii
1249 2444 1310 2499 tria
1332 2442 1478 2514 nuum,
1534 2420 1660 2498 chiano
1677 2423 1932 2498 Commentario
1954 2421 2105 2498 Psalterii
2124 2449 2177 2498 an.
2208 2449 2330 2524 1477,

695 2563 810 2644 quiet
831 2563 942 2612 urcem
965 2537 1052 2644 gerit
1083 2536 1171 2612 tituli
1201 2536 1330 2641 primae
1359 2535 1480 2610 sectio-
1535 2532 1595 2610 sed
1636 2561 1703 2610 non
1746 2535 1860 2610 idem.
1902 2533 2042 2642 Aleplt,
2078 2534 2273 2626 lamed,
2243 2563 2324 2628 atu,

695 2655 768 2726 nis.
806 2655 891 2726 Nam
923 2674 983 2754 per
1010 2674 1132 2724 omnes
1161 2647 1263 2724 libros
1298 2673 1338 2724 ac
1360 2645 1480 2754 singu·
1538 2673 1602 2756 pe,
1629 2648 1701 2724 scin
1732 2647 1918 2734 differunt,
1956 2670 2104 2751 suntque
2134 2648 2168 2724 in
2197 2653 2325 2724 Penta-

695 2763 746 2839 las
775 2766 914 2870 paginas
943 2760 1032 2838 tituli
1063 2762 1252 2838 sectionum
1278 2759 1481 2835 continnan-
1538 2757 1678 2837 teucho.
1710 2785 1826 2836 nostro
1854 2761 2099 2868 elegantiores,
2132 2761 2323 2869 elegantius

696 2901 770 2952 tur.
809 2881 848 2950 ln
886 2874 1036 2949 interiori
1067 2898 1161 2980 parte
1189 2896 1254 2950 stat
1281 2897 1374 2949 sacer
1402 2896 1482 2949 tett-
1537 2873 1641 2948 etiarn
1682 2897 1734 2949 est
1774 2899 1866 2960 vau,
1912 2899 1953 2949 ac
1990 2897 2171 2949 consuetus
2213 2899 2322 2950 nexus

695 3013 771 3078 tus,
792 2990 825 3064 in
848 2988 1017 3063 exteriore
1039 2987 1080 3061 ad
1103 2990 1175 3087 eius
1202 2983 1290 3062 latus
1308 2991 1483 3094 Tatgum,
1536 2985 1638 3090 aleplt
1668 3009 1702 3061 et
1730 2983 1866 3073 lamed,
1893 2987 1954 3093 qui
1984 2984 2080 3062 deest
2108 2986 2144 3062 in
2167 2986 2318 3062 editione

696 3127 797 3207 supra
829 3127 864 3177 et
894 3100 980 3176 infra
1018 3099 1314 3174 Commentarius.
1354 3087 1496 3174 Liueae'
1534 3097 1705 3184 Psaltetii,
1735 3099 1790 3174 ltic
1815 3097 2085 3203 frequentissime
2113 3098 2318 3176 adhibetur.

696 3237 834 3300 textus,
859 3240 970 3318 quum
1000 3213 1166 3318 integram
1196 3211 1224 3284 is
1246 3211 1404 3316 paginam
1420 3237 1479 3286 oc·
1534 3214 1573 3286 ln
1604 3235 1674 3286 tota
1692 3209 1844 3287 editione
1866 3212 1937 3286 bini
1959 3211 1994 3287 hi
2016 3211 2226 3288 characteres
2245 3236 2320 3289 tart·

697 3351 824 3454 cupat,
860 3349 939 3400 sunt
972 3347 1047 3412 20,
1083 3321 1251 3430 Tatgumi
1289 3348 1373 3398 uero
1401 3349 1479 3419 ιι,
1536 3346 1610 3399 tum
1639 3347 1842 3400 occurrunt.
1882 3329 1968 3401 Nam
2008 3323 2099 3402 tituli
2130 3329 2360 3412 sectionum,

698 3439 735 3513 in
764 3437 836 3512 aliis
866 3439 1037 3527 minores,
1066 3459 1166 3539 prout
1196 3437 1306 3536 majus
1335 3435 1391 3510 vel
1417 3437 1480 3511 mi·
1536 3458 1611 3512 tum
1641 3437 1675 3510 in
1719 3434 1893 3514 chaldaica
1930 3435 2153 3542 Patapltrasi,
2183 3463 2254 3514 tum
2287 3440 2321 3516 iu

698 3575 764 3626 nus
791 3551 939 3658 spatium
968 3571 1115 3654 occupat
1151 3545 1328 3631 Jarchius.
1367 3549 1480 3624 Prima
1536 3547 1657 3630 Jarchii
1685 3550 1899 3662 expositione
1929 3550 2050 3627 litteris
2080 3553 2209 3626 exarati
2239 3577 2320 3628 sunt

699 3664 824 3770 pagina
852 3662 1004 3737 continet
1033 3659 1137 3736 lineas
1164 3685 1282 3736 textus
1318 3685 1387 3755 14,
1408 3667 1481 3738 On·
1535 3659 1708 3766 quadratis
1737 3663 1821 3738 sacri
1859 3686 2062 3738 contextus
2102 3669 2202 3740 Sacer
2246 3688 2324 3740 tex-

698 3774 807 3852 ltelosi
840 3801 887 3873 27
931 3775 1129 3879 impressas,
1168 3773 1454 3849 Commentatii
1445 3800 1480 3848 ιιι
1536 3799 1592 3849 tus
1620 3773 1723 3850 hahet
1752 3800 1875 3880 puncta
1916 3799 1951 3852 et
1978 3801 2164 3865 accentus,
2200 3801 2234 3851 et
2265 3777 2323 3853 lit-

697 3889 867 3994 superiori
896 3887 1049 3993 margine
1081 3889 1124 3973 6,
1150 3883 1213 3960 in
1204 3911 1275 3960 tmo
1308 3912 1383 3961 22.
1410 3887 1481 3962 Lit·
1537 3908 1629 3963 terae
1657 3886 1930 3996 begadcltephad
1956 3888 1989 3964 in
2021 3889 2142 3994 primis
2169 3889 2260 3965 foliis
2284 3890 2348 3978 li-¹

700 4025 792 4077 terae
820 4001 905 4075 sacri
936 4023 1050 4072 textus
1078 4022 1157 4073 sunt
1186 3997 1483 4102 quadratae,ma·
1539 3999 1637 4074 neola
1674 4000 1779 4106 taphi
1820 4026 1922 4107 supra
1964 3999 2246 4108 distinguuntur,
2286 4009 2320 4078 in

697 4117 810 4219 jores,
839 4112 1052 4217 hispanicae,
1080 4138 1148 4186 non
1170 4111 1410 4200 tarnenfotma
1432 4134 1483 4188 sat
1541 4112 1680 4216 reliquis
1719 4114 1912 4202 omittitur,
1939 4113 1995 4188 vel
2036 4115 2202 4190 rarissime
2242 4142 2327 4191 con·

699 4226 892 4333 elegantes,
924 4249 961 4299 ιιι
988 4249 1043 4300 eas
1073 4223 1246 4330 appellant
1276 4222 1483 4328 Maffejnset
1540 4226 1706 4330 spicitur,
1734 4223 1794 4302 sed
1824 4251 1886 4316 ea,
1927 4225 2032 4301 modo
2062 4230 2218 4332 saepius,
2249 4255 2332 4303 mo-

700 4341 939 4445 Tycltsenius.
965 4339 1030 4412 Eae
1062 4363 1129 4411 non
1160 4361 1239 4413 sunt
1266 4363 1387 4411 omnes
1408 4363 1485 4464 per·
1541 4335 1588 4411 do
1617 4343 1742 4428 rarius,
1768 4345 1895 4414 ¹iterum
1924 4363 2099 4444 comparet
2130 4342 2164 4414 iu
2195 4339 2329 4414 Leviti-

700 4453 788 4529 fecte
817 4450 993 4555 aequales,
1032 4475 1094 4525 nec
1121 4449 1240 4524 eadem
1279 4450 1484 4525 conueniens
1540 4475 1583 4524 co
1611 4476 1650 4526 ac
1680 4453 1859 4528 Numeris.
1901 4457 2033 4548 Desunt
2071 4452 2202 4527 litterae
2231 4453 2329 4528 dila-

593 4657 597 4666 ,
700 4589 736 4641 ιι
742 4561 1233 4692 aprasetvatutproportio.
1262 4564 1484 4651 Vau,zain,
1541 4561 1681 4650 tabiles,
1709 4589 1749 4639 ac
1769 4564 1935 4639 ltnetrom
1965 4590 2073 4640 vacua
2095 4565 2267 4669 explent
2258 4565 2328 4640 mi-

701 4677 774 4752 scin
815 4699 894 4750 suut
932 4673 1052 4748 ceteris
1094 4673 1261 4758 minores,
1300 4699 1363 4750 nec
1392 4697 1484 4748 tecte
1541 4672 1637 4749 tiales
1669 4675 1862 4752 dictionum
1877 4703 1988 4805 quae
2016 4703 2229 4780 sequuntur.
2257 4682 2331 4753 De·

702 4787 893 4872 formatae,
921 4783 1160 4860 nonnullarum
1189 4786 1314 4861 ductus
1343 4809 1483 4860 nonsat
1538 4809 1616 4862 suut
1645 4812 1679 4863 et
1710 4793 1862 4881 numeri,
1890 4790 2100 4895 sigttaturate,
2139 4787 2324 4882 custodes,

702 4901 810 4985 recti,
835 4895 945 4972 lamed
975 4923 1075 5000 supra
1103 4895 1208 4972 modo
1237 4924 1391 4985 rectum,
1411 4924 1505 4973 mo·.
1540 4925 1604 4974 nec
1634 4900 1721 4978 ullae
1749 4903 1815 4978 sub
1853 4901 2019 4978 librorum
2051 4901 2187 4977 initium
2219 4907 2331 5006 maju-

702 5013 750 5087 do
778 5011 983 5114 obliquum,
1008 5008 1170 5084 modoad
1190 5011 1390 5100 dextetam,
1412 5037 1486 5114 mo·¹
1541 5011 1655 5087 s‘culae
1693 5015 1748 5092 vel
1788 5041 1925 5091 ornatae
1960 5039 2079 5090 extant
2108 5013 2239 5092 litterae
2272 5015 2329 5093 vel

703 5125 751 5201 do
779 5121 834 5198 ad
851 5125 1017 5197 sinistram
1048 5123 1256 5212 deflectens,
1284 5122 1389 5198 modo
1411 5123 1485 5198 bre·
1541 5123 1669 5200 verba

704 5237 801 5322 rius,
830 5235 934 5310 modo
962 5234 1119 5340 longius,
1150 5259 1191 5336 pe
1220 5236 1359 5311 interius
1387 5236 1502 5348 nimis
1625 5237 1722 5314 folio
1764 5265 1814 5338 54
1856 5266 1955 5318 uerso
1995 5239 2116 5345 incipit
2168 5239 2335 5332 Euodus,

705 5351 868 5432 inflectit,
897 5373 961 5424 nec
991 5372 1079 5423 recte
1108 5350 1361 5454 compositum,
1392 5343 1483 5425 mem
1550 5375 1620 5450 103
1666 5351 1918 5441 Leviticns,t
1908 5380 1978 5454 ¹35
2023 5379 2122 5429 terso
2165 5355 2330 5442 Numeri,

706 5461 967 5570 imperfectum,
986 5461 1042 5536 ain
1065 5461 1241 5551 hiulcum,
1267 5467 1485 5568 multumque
1551 5489 1622 5563 ¹79
1664 5490 1762 5542 uerso
1803 5467 2137 5552 Deuteronomium,
2176 5465 2331 5572 folioque
