5146 7094
769 694 1452 774 PARSSE⁴CUNDA
1859 721 1932 798 ¹49

574 909 829 1008 XXXIII*
1140 873 1269 954 cirtensi
1299 871 1393 951 aliud
1431 871 1554 952 folium
1586 871 1714 951 debere
1743 871 1931 982 praecede-

1141 1015 1200 1078 re,
1227 987 1321 1096 quod
1351 1011 1394 1061 an
1434 987 1468 1062 in
1499 985 1563 1065 hac
1606 987 1756 1068 editione
1783 989 1930 1096 impres·

377 1105 562 1202 Muclnrbr
598 1130 656 1178 stu
697 1105 912 1178 Iudaicarum
947 1125 1081 1195 preeunt
1138 1103 1288 1179 sumsit
1327 1123 1361 1176 et
1391 1100 1529 1178 titulum
1561 1100 1710 1208 aliquem
1739 1103 1859 1189 sistat,
1887 1128 1930 1180 an

290 1221 504 1293 Brtriatiurn
532 1223 639 1291 italici
666 1221 752 1292 ritus
780 1241 854 1290 curn
883 1218 1083 1290 sectionibus
1139 1243 1221 1294 uero
1250 1213 1369 1292 album
1414 1238 1452 1291 ut
1493 1218 1526 1292 iu
1555 1217 1778 1304 Soncinensi,
1822 1215 1931 1292 incer·

289 1333 420 1404 biblicit
431 1385 444 1420 ,
487 1333 714 1427 Megbillbtlr‚
743 1335 848 1407 Pirlri
876 1329 976 1403 uubtlr
1006 1354 1079 1402 curn
1136 1353 1210 1408 tum
1240 1353 1314 1406 est.
1342 1323 1432 1403 lllud
1469 1352 1604 1406 certum
1632 1327 1817 1406 editionem
1847 1354 1929 1434 per-

291 1449 418 1519 Cotnnr.
448 1447 669 1518 Muimonidis
707 1471 744 1518 ac
779 1445 1079 1520 constitutionibus
1137 1447 1247 1522 tinere
1274 1438 1319 1519 ad
1348 1441 1570 1548 Soncinates,
1598 1466 1674 1517 eam
1703 1467 1774 1518 esse
1795 1467 1932 1519 eorurn·

229 1609 245 1628 ,
288 1565 417 1643 variis,
446 1560 559 1654 insol.
577 1567 654 1632 nain.
683 1565 752 1632 sinc
780 1584 834 1630 on.
854 1581 885 1631 ct
901 1561 1000 1641 loco,
1023 1558 1083 1630 sed
1137 1558 1219 1634 dem
1260 1557 1480 1636 Soncinatum
1520 1553 1725 1643 secundam,
1765 1579 1825 1631 seu
1855 1581 1931 1632 mc-

283 1695 345 1764 ptr
362 1675 553 1744 Soncinates
571 1672 702 1766 subfin.
720 1673 852 1744 xrrtl
868 1678 913 1744 in.
930 1689 1081 1743 xvrtec·
1137 1672 1232 1748 diam
1273 1670 1360 1745 inter
1398 1668 1642 1745 Sonciueusem
1683 1692 1724 1744 ac
1751 1667 1931 1744 Pisauren-

373 1787 420 1858 Ea
449 1781 565 1858 omnia
603 1780 848 1888 complectitur
887 1807 976 1887 quae
1003 1784 1082 1856 Ma·
1136 1813 1235 1874 sem,
1274 1811 1314 1862 ac
1344 1805 1526 1887 propterea
1570 1805 1648 1888 post
1688 1781 1930 1858 Sonciuensem

287 1891 414 1971 clrazor
443 1895 650 1982 Soncinense
675 1894 756 1971 anni
793 1897 913 1989 1486,
943 1919 987 1970 ex
1010 1921 1081 1999 quo
1135 1925 1171 1977 et
1212 1923 1291 1977 aute
1329 1895 1559 1972 Pisaurensem
1602 1893 1669 1971 sub
1707 1895 1812 1968 finem
1850 1917 1927 1986 xv,

287 2030 442 2085 ”Ostium
472 2007 677 2084 adamussim
705 2007 913 2115 descriptum
935 2033 1005 2096 est.
1026 2033 1081 2083 sa·
1138 2015 1192 2092 vel
1233 2009 1370 2088 initium
1414 2035 1484 2085 xvr
1524 2005 1628 2083 seculi
1667 2029 1844 2083 curatam.
1889 2013 1929 2082 In

286 2116 366 2194 dem
406 2120 537 2209 sorma,
576 2119 697 2196 eadem
736 2117 940 2231 plerumque
978 2121 1081 2230 pagi·
1139 2152 1255 2205 nostro
1283 2123 1472 2230 exemplari
1502 2121 1610 2198 multa
1647 2121 1750 2196 etiarn
1781 2119 1861 2196 folia
1891 2147 1930 2196 ac

285 2259 407 2310 narum
433 2261 472 2311 ac
500 2233 665 2310 linearum
696 2233 896 2340 dispositio,
923 2238 1080 2326 initium,
1141 2239 1296 2349 plagulae
1326 2239 1359 2314 in
1392 2239 1501 2342 prima
1532 2259 1628 2340 parte
1657 2259 1701 2308 ex
1730 2234 1930 2310 Sonciaensi

287 2345 389 2434 finis,
416 2347 507 2424 idem
536 2346 639 2423 etiam
669 2346 845 2428 character
873 2350 1080 2458 quadratus,
1137 2355 1286 2432 editione
1316 2353 1436 2428 inserta
1457 2372 1557 2424 sunt.
1586 2353 1705 2454 Ignota
1728 2371 1841 2422 autern
1863 2371 1931 2436 est,

287 2457 413 2534 sedin
457 2485 572 2536 nostro
605 2459 673 2536 hoc
715 2485 776 2539 usu
818 2466 927 2572 magis
966 2465 1079 2542 detti·
1136 2495 1175 2545 ut
1204 2463 1420 2546 Soncinensis
1449 2489 1488 2539 ac
1517 2459 1746 2550 Pisaurensis,
1767 2459 1930 2538 omnibus

287 2595 365 2659 tus,
406 2597 444 2648 ut
480 2575 514 2650 in
555 2572 742 2650 Pisaurensi
771 2575 814 2652 ab
843 2577 964 2657 iisdem
994 2585 1081 2657 Son·
1135 2579 1382 2687 scriptoribus,
1409 2571 1560 2681 suasque
1582 2573 1685 2649 habet
1714 2596 1748 2647 et
1778 2575 1849 2679 ipsa
1873 2599 1930 2650 va·

285 2684 454 2764 cinatibus
496 2687 561 2762 sub
602 2687 738 2765 initium
778 2714 847 2766 xvr
874 2693 978 2770 seculi
1007 2718 1081 2770 ter·
1135 2697 1199 2773 rias
1237 2689 1321 2771 sacri
1362 2713 1477 2766 textus
1518 2688 1681 2766 lectiones
1720 2685 1864 2762 eximias
1889 2712 1931 2762 ac

286 2797 374 2875 tium
416 2798 535 2876 edito.
577 2805 686 2908 Saepe
730 2826 844 2880 tamen
881 2805 983 2884 ablati
1022 2807 1079 2885 rel
1135 2808 1323 2917 singulares
1364 2805 1398 2880 in
1442 2801 1633 2880 Collatione
1677 2821 1792 2874 nostra
1820 2797 1931 2875 colle-

287 2913 409 2988 mutari
449 2911 633 3002 custodes,
667 2915 775 3024 spatia
812 2941 848 2994 et
872 2918 981 2998 lineae
1008 2947 1076 2996 non
1134 2946 1229 3012 ctas,
1259 2920 1386 3023 inqua
1414 2941 1448 2992 er
1482 2916 1616 2992 unicam
1645 2936 1717 2988 esse
1738 2910 1930 3016 deprehen·

285 3049 421 3130 semper
463 3052 690 3136 congruunt,
729 3027 811 3104 folia
856 3060 926 3110 non
969 3061 1076 3142 pauca
1133 3034 1194 3112 des
1222 3029 1399 3110 Habacuci
1427 3055 1469 3105 ιιι
1500 3053 1521 3129 5
1554 3052 1588 3104 et
1616 3024 1729 3102 Eccle·
1758 3048 1828 3101 vrrr
1865 3051 1929 3101 ro.

168 3215 173 3222 ,
284 3137 380 3214 aliter
409 3137 600 3247 disposita,
639 3142 807 3246 quaedam
847 3145 991 3226 diversis
1020 3172 1076 3256 ty·
1102 3145 1127 3170 '
1198 3209 1201 3216 .
1427 3203 1639 3278 XXXIV

283 3250 337 3359 pis
365 3251 549 3358 impressa,
579 3253 763 3332 initialibus
791 3256 914 3337 litteris
942 3262 1080 3370 ligneis,

284 3366 501 3468 majusculis,
529 3369 657 3444 ornatis
685 3369 886 3450 substitutae
915 3374 1009 3452 fusae
1033 3403 1074 3452 ac
1203 3378 1451 3450 Pentateuclrus
1477 3399 1550 3446 curn
1581 3371 1773 3465 Apbturbrlt
1794 3391 1852 3442 teu
1870 3369 1929 3442 Se·

283 3478 457 3568 minores,
498 3480 681 3560 substituta
720 3505 755 3563 et
784 3483 849 3562 alia
877 3511 1074 3597 tetragram·
1130 3492 1295 3562 trionibus
1334 3489 1579 3581 Prophetarum
1609 3492 1643 3555 in
1666 3483 1736 3578 fol.
1762 3506 1810 3554 tx
1836 3489 1928 3554 unti-

282 3591 366 3666 mari
395 3591 542 3669 nominis
569 3593 676 3700 sigla,
703 3595 768 3672 alia
795 3625 941 3704 puncta,
972 3603 1074 3681 inter·
1131 3627 1197 3698 qna
1225 3605 1304 3673 edit.
1320 3607 1474 3676 exeuntis
1492 3625 1554 3674 see.
1583 3616 1647 3670 κν
1672 3599 1724 3667 ael
1752 3603 1797 3666 in.
1828 3612 1928 3668 XVI.

281 3702 367 3779 dum
396 3704 482 3780 aliae
520 3704 700 3798 rubricae,
737 3707 824 3786 alins
852 3716 956 3790 etiam
985 3714 1075 3792 rab-
1125 3801 1131 3816 ,
1216 3711 1389 3788 Pertinent
1417 3710 1461 3787 ad
1490 3709 1647 3818 ignotum
1676 3705 1771 3783 hunc
1801 3709 1925 3780 Penta-

282 3815 417 3893 binicus
442 3817 641 3910 character,
678 3818 814 3924 qualem
843 3824 878 3900 iu
908 3829 1074 3933 posterio·
1130 3823 1296 3900 teuchum
1327 3849 1451 3930 novem
1479 3823 1561 3900 folia
1591 3817 1808 3927 Aptlisrbtils
1837 3843 1925 3926 quae

281 3929 377 4006 ribus
415 3928 623 4007 editionibus
661 3933 859 4012 Soncinates
899 3937 1074 4019 adlribue-
1130 3961 1193 4012 nos
1239 3934 1452 4042 possidemus
1494 3961 1528 4011 et
1582 3933 1828 4010 illustravimus
1872 3936 1926 4007 De

281 4065 383 4118 runt.
424 4048 523 4120 Sacer
552 4067 668 4120 tentus
696 4044 882 4152 aliquando
910 4051 1074 4132 differta
1130 4046 1255 4156 ignotis
1284 4048 1364 4126 sacri
1404 4071 1518 4124 textus
1545 4045 1755 4124 editionibus
1793 4070 1871 4149 cap.
1896 4069 1924 4119 v

281 4154 411 4263 priori,
448 4156 482 4230 in
523 4155 682 4262 precibus
725 4185 806 4237 vero
849 4161 904 4241 rel
933 4165 1073 4271 hymnis
1129 4187 1206 4268 pag.
1243 4187 1312 4237 ro.
1352 4159 1527 4240 Sectioues
1566 4160 1607 4236 iis
1636 4180 1816 4235 contentae
1845 4179 1924 4233 sunt

280 4266 449 4374 quaedam
489 4268 742 4348 antichristiana
795 4271 871 4352 loca
913 4274 971 4356 hic
1014 4281 1071 4360 nel
1127 4271 1414 4378 quatuordecima
1439 4274 1615 4350 character
1658 4268 1843 4376 quadrimi
1872 4270 1923 4345 ¹¹5·

280 4405 436 4470 mutata,
464 4382 519 4458 rel
548 4384 669 4461 omissa
697 4411 787 4491 quae
817 4387 851 4463 iu
871 4393 1070 4476 Soncinensi
1131 4389 1305 4494 spanicus,
1334 4383 1392 4462 sed
1424 4386 1517 4464 rudis
1547 4411 1581 4462 et
1609 4386 1780 4474 detritus,
1807 4383 1923 4460 charta

281 4494 449 4587 aderaut,
489 4493 606 4572 relicta
643 4497 764 4576 lacuna
805 4523 843 4578 ur
871 4528 986 4582 mente
1015 4509 1070 4585 vel
1129 4527 1237 4578 crassa
1264 4524 1299 4576 er
1327 4499 1484 4606 antiqua,
1511 4498 1773 4604 cujus'signum
1805 4523 1924 4576 manus

279 4607 382 4684 ctiam
425 4633 528 4683 manu
569 4609 815 4716 suppleantur.
861 4616 914 4691 Ad
944 4619 1071 4698 calcem
1131 4637 1271 4690 extensa
1300 4636 1335 4689 et
1364 4614 1427 4691 flos
1457 4611 1634 4722 pendens,
1666 4635 1703 4688 ut
1732 4609 1768 4687 in
1795 4608 1925 4686 edi1i0·

281 4720 373 4798 nulla
405 4719 642 4828 typltographi
684 4751 766 4802 nota
805 4726 859 4803 vel
889 4755 984 4819 aera,
1014 4733 1073 4811 sed
1132 4727 1233 4802 nibus
1271 4723 1456 4804 lusitanicis
1484 4727 1551 4802 sec.
1592 4749 1666 4815 rau,
1705 4746 1740 4798 et
1770 4724 1803 4800 in
1835 4724 1922 4805 lobo

281 4856 416 4914 vetusta
444 4832 562 4916 ludaei
602 4862 722 4913 manus
761 4836 927 4946 integram
957 4851 1075 4925 Sonci-
1131 4837 1427 4916 Tlressalouiccusi
1459 4867 1514 4915 an.
1561 4863 1691 4938 1517,
1717 4839 1859 4946 paginae
1889 4839 1923 4915 in

281 4949 395 5024 nensis
436 4945 659 5056 epigraphem
702 4950 737 5026 in
777 4975 856 5026 meo
884 4959 1073 5064 exemplari
1130 4951 1216 5030 duas
1254 4951 1433 5030 columnas
1475 4953 1624 5040 divisae,
1653 4976 1742 5060 quae
1770 4975 1926 5028 constant

280 5085 453 5166 postrema
484 5063 606 5170 pagina
650 5088 764 5152 versa,
797 5065 885 5170 quae
914 5069 988 5146 alba
1019 5097 1072 5148 fe·
1130 5063 1229 5142 lineis
1261 5091 1338 5162 25,
1378 5065 1565 5173 aliquando
1598 5069 1668 5154 26,
1707 5063 1789 5140 folia
1818 5063 1925 5142 titulis

282 5198 419 5259 manet,
446 5173 647 5279 descripsit.
674 5176 800 5284 Incipit
830 5201 867 5254 ut
889 5182 1075 5260 Soncinen·
1130 5203 1170 5254 ac
1198 5179 1351 5258 numeris
1377 5178 1556 5267 destituta,
1583 5179 1643 5256 sed
1675 5175 1832 5284 plagulae
1861 5202 1925 5254 nu·

278 5311 317 5360 se
347 5311 366 5360 a
398 5284 626 5390 praefatione,
657 5291 839 5393 praemisso
861 5292 980 5370 iisdem
1004 5321 1075 5372 ma·
1131 5314 1327 5382 merantur,
1368 5317 1408 5368 ac
1435 5290 1625 5370 secundum
1662 5287 1811 5376 folium,
1849 5317 1923 5395 qun

279 5396 412 5499 joribus
441 5397 612 5504 quadratis
635 5403 729 5508 typis
759 5404 929 5483 uocabulo
956 5428 1074 5500 amnt,
1132 5403 1253 5512 incipit
1283 5403 1439 5512 Aphtarb
1467 5426 1555 5488 unm
1584 5423 1635 5496 ss,
1657 5425 1796 5478 notatur
1817 5427 1839 5480 ts
1860 5425 1925 5496 22,
2020 5437 2025 5446 ¹

281 5509 459 5618 primaque
487 5511 659 5622 signatura
688 5515 839 5598 ostendit
869 5542 906 5595 ut
923 5518 960 5598 in
989 5524 1077 5602 Son·
1130 5541 1191 5596 seu
1219 5519 1371 5626 primum
1410 5517 1600 5628 signaturae
1629 5539 1736 5600 xxrr.
1776 5512 1924 5594 Litterae
