<?xml version="1.0" encoding="UTF-8"?>
<!DOCTYPE html PUBLIC "-//W3C//DTD XHTML 1.0 Transitional//EN"
    "http://www.w3.org/TR/xhtml1/DTD/xhtml1-transitional.dtd">
<html xmlns="http://www.w3.org/1999/xhtml" xml:lang="en" lang="en">
 <head>
  <title>
</title>
<meta http-equiv="Content-Type" content="text/html;charset=utf-8" />
  <meta name='ocr-system' content='tesseract 3.04.00' />
  <meta name='ocr-capabilities' content='ocr_page ocr_carea ocr_par ocr_line ocrx_word'/>
</head>
<body>
  <div class='ocr_page' id='page_1' title='image "./annaleshebraeot00rossgoog_0065.png"; bbox 0 0 5222 7090; ppageno 0'>
   <div class='ocr_carea' id='block_1_1' title="bbox 871 697 1968 796">
    <p class='ocr_par' dir='ltr' id='par_1_1' title="bbox 871 697 1968 796">
     <span class='ocr_line' id='line_1_1' title="bbox 871 697 1968 796; baseline -0.016 -27"><span class='ocrx_word' id='word_1_1' title='bbox 871 697 1440 770; x_wconf 79' lang='lat' dir='ltr'><em>PARSPRIMA</em></span> <span class='ocrx_word' id='word_1_2' title='bbox 1921 719 1968 796; x_wconf 80' lang='lat'>35</span> 
     </span>
    </p>
   </div>
   <div class='ocr_carea' id='block_1_2' title="bbox 698 865 1973 1089">
    <p class='ocr_par' dir='ltr' id='par_1_2' title="bbox 698 865 1973 1089">
     <span class='ocr_line' id='line_1_2' title="bbox 1187 865 1971 976; baseline 0.006 -32"><span class='ocrx_word' id='word_1_3' title='bbox 1187 893 1326 944; x_wconf 88' lang='lat' dir='ltr'>neatum</span> <span class='ocrx_word' id='word_1_4' title='bbox 1357 865 1522 976; x_wconf 80' lang='lat' dir='ltr'>anonymi</span> <span class='ocrx_word' id='word_1_5' title='bbox 1544 870 1689 947; x_wconf 90' lang='lat' dir='ltr'>auctoris</span> <span class='ocrx_word' id='word_1_6' title='bbox 1708 873 1971 960; x_wconf 89' lang='lat' dir='ltr'>Commentarii,</span> 
     </span>
     <span class='ocr_line' id='line_1_3' title="bbox 698 980 1973 1089; baseline 0.002 -31"><span class='ocrx_word' id='word_1_7' title='bbox 698 987 768 1058; x_wconf 84' lang='lat' dir='ltr'>IX</span> <span class='ocrx_word' id='word_1_8' title='bbox 921 1029 924 1038; x_wconf 92' lang='lat'>·</span> <span class='ocrx_word' id='word_1_9' title='bbox 1186 1007 1274 1086; x_wconf 90' lang='lat' dir='ltr'>quae</span> <span class='ocrx_word' id='word_1_10' title='bbox 1316 980 1373 1057; x_wconf 92' lang='lat' dir='ltr'>bic</span> <span class='ocrx_word' id='word_1_11' title='bbox 1412 983 1553 1059; x_wconf 91' lang='lat' dir='ltr'>titulum</span> <span class='ocrx_word' id='word_1_12' title='bbox 1594 983 1788 1089; x_wconf 86' lang='lat' dir='ltr'>praecedit,</span> <span class='ocrx_word' id='word_1_13' title='bbox 1827 986 1861 1061; x_wconf 92' lang='lat' dir='ltr'>in</span> <span class='ocrx_word' id='word_1_14' title='bbox 1900 985 1973 1062; x_wconf 78' lang='lat' dir='ltr'>aliis</span> 
     </span>
    </p>
   </div>
   <div class='ocr_carea' id='block_1_3' title="bbox 420 1093 1974 1246">
    <p class='ocr_par' dir='ltr' id='par_1_3' title="bbox 420 1093 1974 1246">
     <span class='ocr_line' id='line_1_4' title="bbox 420 1093 1974 1246; baseline -0.017 -17"><span class='ocrx_word' id='word_1_15' title='bbox 420 1157 468 1228; x_wconf 77' lang='lat' dir='ltr'>R.</span> <span class='ocrx_word' id='word_1_16' title='bbox 499 1157 636 1246; x_wconf 78' lang='lat' dir='ltr'>erajae</span> <span class='ocrx_word' id='word_1_17' title='bbox 678 1151 873 1244; x_wconf 84' lang='lat' dir='ltr'>Appcnr&#39;ni,</span> <span class='ocrx_word' id='word_1_18' title='bbox 909 1150 962 1220; x_wconf 75' lang='lat' dir='ltr'>ret</span> <span class='ocrx_word' id='word_1_19' title='bbox 991 1152 1038 1222; x_wconf 85' lang='lat' dir='ltr'>R.</span> <span class='ocrx_word' id='word_1_20' title='bbox 1066 1152 1127 1222; x_wconf 87' lang='lat' dir='ltr'>Sa·</span> <span class='ocrx_word' id='word_1_21' title='bbox 1186 1093 1396 1171; x_wconf 62' lang='lat' dir='ltr'>edl¹l⁰⁰lb⁰⁵</span> <span class='ocrx_word' id='word_1_22' title='bbox 1436 1095 1675 1202; x_wconf 54' lang='lat' dir='ltr'>mimmius·</span> <span class='ocrx_word' id='word_1_23' title='bbox 1720 1101 1803 1172; x_wconf 62' lang='lat' dir='ltr'>Eam</span> <span class='ocrx_word' id='word_1_24' title='bbox 1843 1098 1974 1204; x_wconf 81' lang='lat' dir='ltr'>excipit</span> 
     </span>
    </p>
   </div>
   <div class='ocr_carea' id='block_1_4' title="bbox 335 1205 2024 1474">
    <p class='ocr_par' dir='ltr' id='par_1_4' title="bbox 335 1205 2024 1474">
     <span class='ocr_line' id='line_1_5' title="bbox 336 1205 1974 1356; baseline -0.026 -14"><span class='ocrx_word' id='word_1_25' title='bbox 336 1269 477 1342; x_wconf 82' lang='lat' dir='ltr'>lantonis</span> <span class='ocrx_word' id='word_1_26' title='bbox 507 1267 649 1338; x_wconf 81' lang='lat' dir='ltr'>Garirol</span> <span class='ocrx_word' id='word_1_27' title='bbox 671 1267 827 1337; x_wconf 81' lang='lat' dir='ltr'>Mivcltdr</span> <span class='ocrx_word' id='word_1_28' title='bbox 843 1263 1050 1356; x_wconf 79' lang='lat' dir='ltr'>appaninittr,</span> <span class='ocrx_word' id='word_1_29' title='bbox 1068 1287 1124 1334; x_wconf 86' lang='lat' dir='ltr'>retr</span> <span class='ocrx_word' id='word_1_30' title='bbox 1185 1206 1307 1281; x_wconf 64' lang='lat' dir='ltr'>mulus</span> <span class='ocrx_word' id='word_1_31' title='bbox 1334 1205 1503 1313; x_wconf 64' lang='lat' dir='ltr'>quadram</span> <span class='ocrx_word' id='word_1_32' title='bbox 1522 1205 1735 1335; x_wconf 55' lang='lat' dir='ltr'>,ehafacoefe</span> <span class='ocrx_word' id='word_1_33' title='bbox 1765 1235 1884 1338; x_wconf 61' lang='lat' dir='ltr'>m?l⁰f¹</span> <span class='ocrx_word' id='word_1_34' title='bbox 1913 1235 1974 1286; x_wconf 63' lang='grc' dir='ltr'>ΕΚ·</span> 
     </span>
     <span class='ocr_line' id='line_1_6' title="bbox 335 1321 2024 1474; baseline -0.028 -20"><span class='ocrx_word' id='word_1_35' title='bbox 335 1383 500 1453; x_wconf 79' lang='lat' dir='ltr'>Delectat</span> <span class='ocrx_word' id='word_1_36' title='bbox 542 1385 797 1474; x_wconf 79' lang='lat' dir='ltr'><em>margaritarum</em></span> <span class='ocrx_word' id='word_1_37' title='bbox 848 1399 923 1446; x_wconf 85' lang='lat' dir='ltr'>curn</span> <span class='ocrx_word' id='word_1_38' title='bbox 965 1382 1126 1468; x_wconf 78' lang='lat' dir='ltr'><em>anonymi</em></span> <span class='ocrx_word' id='word_1_39' title='bbox 1182 1345 1342 1448; x_wconf 57' lang='lat' dir='ltr'>lifesffls’</span> <span class='ocrx_word' id='word_1_40' title='bbox 1371 1343 1405 1396; x_wconf 90' lang='lat' dir='ltr'>et</span> <span class='ocrx_word' id='word_1_41' title='bbox 1435 1345 1547 1426; x_wconf 65' lang='lat' dir='ltr'>⁰Pef¹s</span> <span class='ocrx_word' id='word_1_42' title='bbox 1577 1345 1717 1413; x_wconf 59' lang='lat' dir='ltr'>‘emsa</span> <span class='ocrx_word' id='word_1_43' title='bbox 1746 1348 1808 1427; x_wconf 75' lang='lat'><strong>(1¹¹¹</strong></span> <span class='ocrx_word' id='word_1_44' title='bbox 1830 1321 1975 1428; x_wconf 65' lang='lat' dir='ltr'>quadra·</span> <span class='ocrx_word' id='word_1_45' title='bbox 2015 1361 2024 1375; x_wconf 91' lang='lat'><strong>·</strong></span> 
     </span>
    </p>
   </div>
   <div class='ocr_carea' id='block_1_5' title="bbox 337 1431 1976 1678">
    <p class='ocr_par' dir='ltr' id='par_1_5' title="bbox 337 1431 1976 1678">
     <span class='ocr_line' id='line_1_7' title="bbox 337 1431 1976 1586; baseline -0.025 -20"><span class='ocrx_word' id='word_1_46' title='bbox 337 1497 516 1566; x_wconf 83' lang='lat' dir='ltr'>Commcnr.</span> <span class='ocrx_word' id='word_1_47' title='bbox 546 1494 1125 1586; x_wconf 76' lang='lat' dir='ltr'>4.min.Soncr&#39;nian.chL1V,</span> <span class='ocrx_word' id='word_1_48' title='bbox 1183 1453 1224 1506; x_wconf 64' lang='lat' dir='ltr'>us</span> <span class='ocrx_word' id='word_1_49' title='bbox 1252 1455 1286 1506; x_wconf 92' lang='lat' dir='ltr'>et</span> <span class='ocrx_word' id='word_1_50' title='bbox 1323 1431 1396 1558; x_wconf 74' lang='lat' dir='ltr'>ipse</span> <span class='ocrx_word' id='word_1_51' title='bbox 1425 1433 1553 1560; x_wconf 34' lang='lat' dir='ltr'>typi&amp;</span> <span class='ocrx_word' id='word_1_52' title='bbox 1571 1434 1630 1561; x_wconf 52' lang='lat' dir='ltr'>fed</span> <span class='ocrx_word' id='word_1_53' title='bbox 1670 1433 1865 1566; x_wconf 52' lang='lat' dir='ltr'>mlqulbus</span> <span class='ocrx_word' id='word_1_54' title='bbox 1892 1462 1976 1511; x_wconf 78' lang='lat'><strong>⁰⁰11·</strong></span> 
     </span>
     <span class='ocr_line' id='line_1_8' title="bbox 337 1543 1976 1678; baseline -0.018 -27"><span class='ocrx_word' id='word_1_55' title='bbox 337 1607 458 1678; x_wconf 67' lang='lat' dir='ltr'>Cym-m·</span> <span class='ocrx_word' id='word_1_56' title='bbox 487 1619 801 1676; x_wconf 43' lang='lat' dir='ltr'><em>MCCCCLXXXW·</em></span> <span class='ocrx_word' id='word_1_57' title='bbox 1183 1567 1274 1635; x_wconf 90' lang='lat' dir='ltr'>stat,</span> <span class='ocrx_word' id='word_1_58' title='bbox 1316 1569 1373 1620; x_wconf 87' lang='lat' dir='ltr'>cur</span> <span class='ocrx_word' id='word_1_59' title='bbox 1420 1543 1604 1622; x_wconf 89' lang='lat' dir='ltr'>rabbtntcrs</span> <span class='ocrx_word' id='word_1_60' title='bbox 1643 1545 1826 1648; x_wconf 81' lang='lat' dir='ltr'>subytcttur</span> <span class='ocrx_word' id='word_1_61' title='bbox 1868 1551 1976 1622; x_wconf 91' lang='lat' dir='ltr'>Com·</span> 
     </span>
    </p>
   </div>
   <div class='ocr_carea' id='block_1_6' title="bbox 268 1657 2055 5590">
    <p class='ocr_par' dir='ltr' id='par_1_6' title="bbox 268 1657 2055 5590">
     <span class='ocr_line' id='line_1_9' title="bbox 1185 1657 1976 1747; baseline 0.005 -17"><span class='ocrx_word' id='word_1_62' title='bbox 1185 1657 1391 1732; x_wconf 84' lang='lat' dir='ltr'>mentarius·</span> <span class='ocrx_word' id='word_1_63' title='bbox 1437 1657 1613 1734; x_wconf 84' lang='lat' dir='ltr'>Praecedit</span> <span class='ocrx_word' id='word_1_64' title='bbox 1661 1660 1786 1738; x_wconf 84' lang='lat' dir='ltr'>folium</span> <span class='ocrx_word' id='word_1_65' title='bbox 1833 1658 1976 1747; x_wconf 86' lang='lat' dir='ltr'>album,</span> 
     </span>
     <span class='ocr_line' id='line_1_10' title="bbox 420 1761 2055 1877; baseline 0.002 -33"><span class='ocrx_word' id='word_1_66' title='bbox 420 1775 562 1877; x_wconf 84' lang='lat' dir='ltr'><em>Magnae</em></span> <span class='ocrx_word' id='word_1_67' title='bbox 602 1767 806 1847; x_wconf 79' lang='lat' dir='ltr'>celebritatis</span> <span class='ocrx_word' id='word_1_68' title='bbox 835 1787 885 1842; x_wconf 90' lang='lat' dir='ltr'>est</span> <span class='ocrx_word' id='word_1_69' title='bbox 914 1761 1123 1868; x_wconf 89' lang='lat' dir='ltr'>opusculum</span> <span class='ocrx_word' id='word_1_70' title='bbox 1180 1767 1324 1874; x_wconf 90' lang='lat' dir='ltr'>quoda</span> <span class='ocrx_word' id='word_1_71' title='bbox 1366 1772 1588 1877; x_wconf 83' lang='lat' dir='ltr'>typographo</span> <span class='ocrx_word' id='word_1_72' title='bbox 1628 1773 1827 1876; x_wconf 89' lang='lat' dir='ltr'>computati</span> <span class='ocrx_word' id='word_1_73' title='bbox 1866 1794 1902 1848; x_wconf 89' lang='lat' dir='ltr'>et</span> <span class='ocrx_word' id='word_1_74' title='bbox 1931 1771 1975 1850; x_wconf 89' lang='lat' dir='ltr'>ad</span> <span class='ocrx_word' id='word_1_75' title='bbox 2050 1849 2055 1864; x_wconf 79' lang='grc'>,</span> 
     </span>
     <span class='ocr_line' id='line_1_11' title="bbox 335 1875 1974 1988; baseline 0.002 -32"><span class='ocrx_word' id='word_1_76' title='bbox 335 1880 406 1957; x_wconf 89' lang='lat' dir='ltr'>boc</span> <span class='ocrx_word' id='word_1_77' title='bbox 434 1883 529 1988; x_wconf 90' lang='lat' dir='ltr'>quod</span> <span class='ocrx_word' id='word_1_78' title='bbox 568 1881 788 1960; x_wconf 87' lang='lat' dir='ltr'>selectissima</span> <span class='ocrx_word' id='word_1_79' title='bbox 823 1901 978 1960; x_wconf 83' lang='lat' dir='ltr'>veterum</span> <span class='ocrx_word' id='word_1_80' title='bbox 1009 1875 1124 1982; x_wconf 90' lang='lat' dir='ltr'>philo·</span> <span class='ocrx_word' id='word_1_81' title='bbox 1179 1878 1367 1958; x_wconf 86' lang='lat' dir='ltr'>editionem</span> <span class='ocrx_word' id='word_1_82' title='bbox 1397 1884 1590 1958; x_wconf 89' lang='lat' dir='ltr'>necessario</span> <span class='ocrx_word' id='word_1_83' title='bbox 1612 1885 1778 1988; x_wconf 89' lang='lat' dir='ltr'>pertinere</span> <span class='ocrx_word' id='word_1_84' title='bbox 1800 1882 1906 1961; x_wconf 90' lang='lat' dir='ltr'>docet</span> <span class='ocrx_word' id='word_1_85' title='bbox 1927 1883 1974 1960; x_wconf 91' lang='lat' dir='ltr'>si·</span> 
     </span>
     <span class='ocr_line' id='line_1_12' title="bbox 334 1990 1975 2102; baseline -0.002 -28"><span class='ocrx_word' id='word_1_86' title='bbox 334 1995 525 2098; x_wconf 73' lang='lat' dir='ltr'>sophorum</span> <span class='ocrx_word' id='word_1_87' title='bbox 549 2022 590 2072; x_wconf 89' lang='lat' dir='ltr'>ac</span> <span class='ocrx_word' id='word_1_88' title='bbox 610 1997 801 2102; x_wconf 88' lang='lat' dir='ltr'>sapientum</span> <span class='ocrx_word' id='word_1_89' title='bbox 831 1990 1125 2097; x_wconf 85' lang='lat' dir='ltr'>apophtegmata,</span> <span class='ocrx_word' id='word_1_90' title='bbox 1181 2017 1324 2102; x_wconf 90' lang='lat' dir='ltr'>gnatura</span> <span class='ocrx_word' id='word_1_91' title='bbox 1352 2014 1372 2071; x_wconf 66' lang='lat' dir='ltr'>a</span> <span class='ocrx_word' id='word_1_92' title='bbox 1400 2017 1443 2078; x_wconf 83' lang='lat' dir='ltr'>tt,</span> <span class='ocrx_word' id='word_1_93' title='bbox 1470 2022 1559 2100; x_wconf 90' lang='lat' dir='ltr'>quae</span> <span class='ocrx_word' id='word_1_94' title='bbox 1582 1995 1614 2069; x_wconf 88' lang='lat' dir='ltr'>in</span> <span class='ocrx_word' id='word_1_95' title='bbox 1646 1997 1758 2101; x_wconf 85' lang='lat' dir='ltr'>primo</span> <span class='ocrx_word' id='word_1_96' title='bbox 1788 1994 1876 2072; x_wconf 86' lang='lat' dir='ltr'>folio</span> <span class='ocrx_word' id='word_1_97' title='bbox 1905 1996 1975 2071; x_wconf 91' lang='lat' dir='ltr'>im·</span> 
     </span>
     <span class='ocr_line' id='line_1_13' title="bbox 334 2103 1971 2215; baseline -0.005 -21"><span class='ocrx_word' id='word_1_98' title='bbox 334 2108 542 2194; x_wconf 85' lang='lat' dir='ltr'>sententias,</span> <span class='ocrx_word' id='word_1_99' title='bbox 572 2132 754 2214; x_wconf 78' lang='lat' dir='ltr'>praecepta</span> <span class='ocrx_word' id='word_1_100' title='bbox 784 2103 1049 2210; x_wconf 76' lang='lat' dir='ltr'>complectitur,</span> <span class='ocrx_word' id='word_1_101' title='bbox 1077 2126 1123 2176; x_wconf 69' lang='lat' dir='ltr'>ex</span> <span class='ocrx_word' id='word_1_102' title='bbox 1182 2133 1296 2215; x_wconf 90' lang='lat' dir='ltr'>presso</span> <span class='ocrx_word' id='word_1_103' title='bbox 1325 2107 1552 2212; x_wconf 89' lang='lat' dir='ltr'>conspicitur.</span> <span class='ocrx_word' id='word_1_104' title='bbox 1599 2113 1649 2182; x_wconf 87' lang='lat' dir='ltr'>Eo</span> <span class='ocrx_word' id='word_1_105' title='bbox 1677 2135 1858 2186; x_wconf 89' lang='lat' dir='ltr'>numerato</span> <span class='ocrx_word' id='word_1_106' title='bbox 1890 2109 1971 2186; x_wconf 84' lang='lat' dir='ltr'>folia</span> 
     </span>
     <span class='ocr_line' id='line_1_14' title="bbox 334 2215 1975 2327; baseline 0.002 -32"><span class='ocrx_word' id='word_1_107' title='bbox 334 2220 472 2295; x_wconf 90' lang='lat' dir='ltr'>arabico</span> <span class='ocrx_word' id='word_1_108' title='bbox 503 2221 662 2298; x_wconf 83' lang='lat' dir='ltr'>hebraice</span> <span class='ocrx_word' id='word_1_109' title='bbox 706 2215 865 2296; x_wconf 89' lang='lat' dir='ltr'>translata</span> <span class='ocrx_word' id='word_1_110' title='bbox 892 2241 931 2292; x_wconf 92' lang='lat' dir='ltr'>ac</span> <span class='ocrx_word' id='word_1_111' title='bbox 961 2215 1123 2321; x_wconf 87' lang='lat' dir='ltr'>pleraque</span> <span class='ocrx_word' id='word_1_112' title='bbox 1181 2244 1261 2297; x_wconf 87' lang='lat' dir='ltr'>sunt</span> <span class='ocrx_word' id='word_1_113' title='bbox 1293 2222 1365 2304; x_wconf 86' lang='lat'>60,</span> <span class='ocrx_word' id='word_1_114' title='bbox 1395 2221 1429 2296; x_wconf 87' lang='lat' dir='ltr'>in</span> <span class='ocrx_word' id='word_1_115' title='bbox 1459 2222 1587 2325; x_wconf 89' lang='lat' dir='ltr'>quibus</span> <span class='ocrx_word' id='word_1_116' title='bbox 1615 2219 1736 2298; x_wconf 88' lang='lat' dir='ltr'>adsunt</span> <span class='ocrx_word' id='word_1_117' title='bbox 1759 2221 1906 2327; x_wconf 79' lang='lat' dir='ltr'>quidem</span> <span class='ocrx_word' id='word_1_118' title='bbox 1931 2224 1975 2298; x_wconf 90' lang='lat' dir='ltr'>si-</span> 
     </span>
     <span class='ocr_line' id='line_1_15' title="bbox 334 2326 1974 2443; baseline 0.002 -36"><span class='ocrx_word' id='word_1_119' title='bbox 334 2334 533 2422; x_wconf 91' lang='lat' dir='ltr'>aDrusio,</span> <span class='ocrx_word' id='word_1_120' title='bbox 572 2331 855 2420; x_wconf 85' lang='lat' dir='ltr'>aPlanratitio,</span> <span class='ocrx_word' id='word_1_121' title='bbox 894 2329 939 2404; x_wconf 91' lang='lat' dir='ltr'>ab</span> <span class='ocrx_word' id='word_1_122' title='bbox 980 2326 1125 2402; x_wconf 89' lang='lat' dir='ltr'>Erberto</span> <span class='ocrx_word' id='word_1_123' title='bbox 1181 2357 1343 2443; x_wconf 85' lang='lat' dir='ltr'>gnarutae</span> <span class='ocrx_word' id='word_1_124' title='bbox 1391 2332 1601 2438; x_wconf 88' lang='lat' dir='ltr'>quibuslibet</span> <span class='ocrx_word' id='word_1_125' title='bbox 1655 2328 1974 2440; x_wconf 83' lang='lat' dir='ltr'>quaternionibus,</span> 
     </span>
     <span class='ocr_line' id='line_1_16' title="bbox 334 2439 1976 2538; baseline -0.007 -18"><span class='ocrx_word' id='word_1_126' title='bbox 334 2443 501 2520; x_wconf 86' lang='lat' dir='ltr'>latinitate</span> <span class='ocrx_word' id='word_1_127' title='bbox 531 2444 678 2532; x_wconf 90' lang='lat' dir='ltr'>donata,</span> <span class='ocrx_word' id='word_1_128' title='bbox 708 2467 849 2521; x_wconf 80' lang='lat' dir='ltr'>auctore</span> <span class='ocrx_word' id='word_1_129' title='bbox 879 2441 933 2516; x_wconf 84' lang='lat' dir='ltr'>vel</span> <span class='ocrx_word' id='word_1_130' title='bbox 963 2439 1125 2516; x_wconf 86' lang='lat' dir='ltr'>collecto·</span> <span class='ocrx_word' id='word_1_131' title='bbox 1184 2448 1234 2523; x_wconf 76' lang='lat' dir='ltr'>mi</span> <span class='ocrx_word' id='word_1_132' title='bbox 1256 2469 1291 2524; x_wconf 76' lang='lat' dir='ltr'>et</span> <span class='ocrx_word' id='word_1_133' title='bbox 1322 2445 1422 2522; x_wconf 76' lang='lat' dir='ltr'>multi</span> <span class='ocrx_word' id='word_1_134' title='bbox 1445 2446 1632 2538; x_wconf 42' lang='lat' dir='ltr'>arumde„</span> <span class='ocrx_word' id='word_1_135' title='bbox 1653 2446 1712 2524; x_wconf 66' lang='lat' dir='ltr'>sed</span> <span class='ocrx_word' id='word_1_136' title='bbox 1739 2447 1825 2523; x_wconf 76' lang='lat' dir='ltr'>nulli</span> <span class='ocrx_word' id='word_1_137' title='bbox 1854 2475 1976 2525; x_wconf 67' lang='lat' dir='ltr'>nume.</span> 
     </span>
     <span class='ocr_line' id='line_1_17' title="bbox 334 2550 1975 2667; baseline 0.002 -35"><span class='ocrx_word' id='word_1_138' title='bbox 334 2581 371 2632; x_wconf 91' lang='lat' dir='ltr'>re</span> <span class='ocrx_word' id='word_1_139' title='bbox 410 2561 453 2631; x_wconf 86' lang='lat' dir='ltr'>R.</span> <span class='ocrx_word' id='word_1_140' title='bbox 496 2557 606 2654; x_wconf 78' lang='lat' dir='ltr'>Jedaja</span> <span class='ocrx_word' id='word_1_141' title='bbox 649 2553 845 2663; x_wconf 78' lang='lat' dir='ltr'>Appeninl‚</span> <span class='ocrx_word' id='word_1_142' title='bbox 885 2553 939 2628; x_wconf 77' lang='lat' dir='ltr'>vel</span> <span class='ocrx_word' id='word_1_143' title='bbox 982 2576 1020 2626; x_wconf 74' lang='lat' dir='ltr'>ut</span> <span class='ocrx_word' id='word_1_144' title='bbox 1049 2550 1125 2626; x_wconf 72' lang='lat' dir='ltr'>aliis</span> <span class='ocrx_word' id='word_1_145' title='bbox 1182 2561 1231 2634; x_wconf 90' lang='lat' dir='ltr'>ti.</span> <span class='ocrx_word' id='word_1_146' title='bbox 1260 2563 1395 2636; x_wconf 85' lang='lat' dir='ltr'>Tertus</span> <span class='ocrx_word' id='word_1_147' title='bbox 1423 2561 1582 2667; x_wconf 89' lang='lat' dir='ltr'>congruit</span> <span class='ocrx_word' id='word_1_148' title='bbox 1612 2587 1691 2636; x_wconf 88' lang='lat' dir='ltr'>cum</span> <span class='ocrx_word' id='word_1_149' title='bbox 1721 2558 1874 2637; x_wconf 87' lang='lat' dir='ltr'>editione</span> <span class='ocrx_word' id='word_1_150' title='bbox 1904 2566 1975 2638; x_wconf 89' lang='lat' dir='ltr'>Ve-</span> 
     </span>
     <span class='ocr_line' id='line_1_18' title="bbox 335 2665 1973 2774; baseline -0.001 -33"><span class='ocrx_word' id='word_1_151' title='bbox 335 2668 468 2774; x_wconf 87' lang='lat' dir='ltr'>placet,</span> <span class='ocrx_word' id='word_1_152' title='bbox 484 2694 518 2745; x_wconf 89' lang='lat' dir='ltr'>et</span> <span class='ocrx_word' id='word_1_153' title='bbox 542 2669 678 2746; x_wconf 87' lang='lat' dir='ltr'>videtur</span> <span class='ocrx_word' id='word_1_154' title='bbox 695 2675 799 2745; x_wconf 84' lang='lat' dir='ltr'>eriam</span> <span class='ocrx_word' id='word_1_155' title='bbox 820 2665 1125 2749; x_wconf 84' lang='lat' dir='ltr'>verosimilius,R.</span> <span class='ocrx_word' id='word_1_156' title='bbox 1182 2697 1259 2747; x_wconf 80' lang='lat' dir='ltr'>neta</span> <span class='ocrx_word' id='word_1_157' title='bbox 1289 2697 1344 2746; x_wconf 87' lang='lat' dir='ltr'>an.</span> <span class='ocrx_word' id='word_1_158' title='bbox 1380 2673 1507 2768; x_wconf 75' lang='lat'>1546,</span> <span class='ocrx_word' id='word_1_159' title='bbox 1534 2671 1593 2748; x_wconf 80' lang='lat' dir='ltr'>sed</span> <span class='ocrx_word' id='word_1_160' title='bbox 1624 2674 1659 2748; x_wconf 83' lang='lat' dir='ltr'>in</span> <span class='ocrx_word' id='word_1_161' title='bbox 1688 2697 1802 2752; x_wconf 79' lang='lat' dir='ltr'>nostra</span> <span class='ocrx_word' id='word_1_162' title='bbox 1830 2672 1973 2750; x_wconf 76' lang='lat' dir='ltr'>additur</span> 
     </span>
     <span class='ocr_line' id='line_1_19' title="bbox 334 2775 1976 2892; baseline 0.002 -34"><span class='ocrx_word' id='word_1_163' title='bbox 334 2782 519 2858; x_wconf 88' lang='lat' dir='ltr'>Salomone</span> <span class='ocrx_word' id='word_1_164' title='bbox 550 2783 617 2858; x_wconf 90' lang='lat' dir='ltr'>ben</span> <span class='ocrx_word' id='word_1_165' title='bbox 649 2781 810 2859; x_wconf 88' lang='lat' dir='ltr'>Gavirol.</span> <span class='ocrx_word' id='word_1_166' title='bbox 853 2779 942 2854; x_wconf 90' lang='lat' dir='ltr'>Vide</span> <span class='ocrx_word' id='word_1_167' title='bbox 971 2781 1006 2851; x_wconf 90' lang='lat' dir='ltr'>in</span> <span class='ocrx_word' id='word_1_168' title='bbox 1036 2775 1125 2851; x_wconf 91' lang='lat' dir='ltr'>hanc</span> <span class='ocrx_word' id='word_1_169' title='bbox 1181 2783 1225 2861; x_wconf 92' lang='lat' dir='ltr'>ad</span> <span class='ocrx_word' id='word_1_170' title='bbox 1254 2783 1383 2860; x_wconf 88' lang='lat' dir='ltr'>calcem</span> <span class='ocrx_word' id='word_1_171' title='bbox 1413 2784 1518 2861; x_wconf 87' lang='lat' dir='ltr'>index</span> <span class='ocrx_word' id='word_1_172' title='bbox 1544 2786 1764 2874; x_wconf 81' lang='lat' dir='ltr'>sectionum,</span> <span class='ocrx_word' id='word_1_173' title='bbox 1791 2787 1908 2892; x_wconf 91' lang='lat' dir='ltr'>quiin</span> <span class='ocrx_word' id='word_1_174' title='bbox 1934 2787 1976 2862; x_wconf 90' lang='lat' dir='ltr'>il·</span> 
     </span>
     <span class='ocr_line' id='line_1_20' title="bbox 335 2890 1973 3002; baseline 0.002 -29"><span class='ocrx_word' id='word_1_175' title='bbox 335 2919 410 2970; x_wconf 86' lang='lat' dir='ltr'>rem</span> <span class='ocrx_word' id='word_1_176' title='bbox 431 2895 686 2970; x_wconf 79' lang='lat' dir='ltr'>bartoloccium</span> <span class='ocrx_word' id='word_1_177' title='bbox 709 2921 748 2969; x_wconf 84' lang='lat' dir='ltr'>ac</span> <span class='ocrx_word' id='word_1_178' title='bbox 768 2890 959 2976; x_wconf 70' lang='lat' dir='ltr'>Wolfium,</span> <span class='ocrx_word' id='word_1_179' title='bbox 979 2913 1013 2965; x_wconf 76' lang='lat' dir='ltr'>et</span> <span class='ocrx_word' id='word_1_180' title='bbox 1034 2913 1125 2994; x_wconf 71' lang='lat' dir='ltr'>quae</span> <span class='ocrx_word' id='word_1_181' title='bbox 1181 2897 1214 2974; x_wconf 91' lang='lat' dir='ltr'>la</span> <span class='ocrx_word' id='word_1_182' title='bbox 1242 2896 1357 2986; x_wconf 86' lang='lat' dir='ltr'>deest,</span> <span class='ocrx_word' id='word_1_183' title='bbox 1394 2923 1433 2972; x_wconf 92' lang='lat' dir='ltr'>ac</span> <span class='ocrx_word' id='word_1_184' title='bbox 1462 2921 1636 3002; x_wconf 88' lang='lat' dir='ltr'>practerea</span> <span class='ocrx_word' id='word_1_185' title='bbox 1667 2897 1740 2974; x_wconf 89' lang='lat' dir='ltr'>fusa</span> <span class='ocrx_word' id='word_1_186' title='bbox 1769 2900 1973 2976; x_wconf 90' lang='lat' dir='ltr'>correctoris</span> 
     </span>
     <span class='ocr_line' id='line_1_21' title="bbox 336 3005 1974 3117; baseline -0.004 -35"><span class='ocrx_word' id='word_1_187' title='bbox 336 3031 399 3082; x_wconf 84' lang='lat' dir='ltr'>nos</span> <span class='ocrx_word' id='word_1_188' title='bbox 429 3030 587 3084; x_wconf 81' lang='lat' dir='ltr'>notamus</span> <span class='ocrx_word' id='word_1_189' title='bbox 603 3006 643 3083; x_wconf 78' lang='lat' dir='ltr'>ad</span> <span class='ocrx_word' id='word_1_190' title='bbox 666 3005 820 3083; x_wconf 77' lang='lat' dir='ltr'>codicem</span> <span class='ocrx_word' id='word_1_191' title='bbox 844 3029 998 3080; x_wconf 86' lang='lat' dir='ltr'>nostrum</span> <span class='ocrx_word' id='word_1_192' title='bbox 1032 3026 1127 3101; x_wconf 79' lang='lat'>131·</span> <span class='ocrx_word' id='word_1_193' title='bbox 1180 3009 1392 3117; x_wconf 77' lang='lat' dir='ltr'>epigraphe,</span> <span class='ocrx_word' id='word_1_194' title='bbox 1433 3009 1636 3115; x_wconf 77' lang='lat' dir='ltr'>praepositis</span> <span class='ocrx_word' id='word_1_195' title='bbox 1674 3034 1756 3086; x_wconf 85' lang='lat' dir='ltr'>octo</span> <span class='ocrx_word' id='word_1_196' title='bbox 1795 3009 1974 3100; x_wconf 81' lang='lat' dir='ltr'>versibus,</span> 
     </span>
     <span class='ocr_line' id='line_1_22' title="bbox 335 3115 1973 3228; baseline -0.002 -34"><span class='ocrx_word' id='word_1_197' title='bbox 335 3125 380 3194; x_wconf 85' lang='lat' dir='ltr'>At</span> <span class='ocrx_word' id='word_1_198' title='bbox 400 3121 535 3222; x_wconf 90' lang='lat' dir='ltr'>majoris</span> <span class='ocrx_word' id='word_1_199' title='bbox 561 3119 674 3196; x_wconf 81' lang='lat' dir='ltr'>&#39;adbuc</span> <span class='ocrx_word' id='word_1_200' title='bbox 700 3118 908 3194; x_wconf 84' lang='lat' dir='ltr'>celebritatis</span> <span class='ocrx_word' id='word_1_201' title='bbox 929 3141 979 3191; x_wconf 87' lang='lat' dir='ltr'>est</span> <span class='ocrx_word' id='word_1_202' title='bbox 998 3115 1126 3190; x_wconf 86' lang='lat' dir='ltr'>isthaec</span> <span class='ocrx_word' id='word_1_203' title='bbox 1181 3149 1331 3227; x_wconf 78' lang='lat' dir='ltr'>quorum</span> <span class='ocrx_word' id='word_1_204' title='bbox 1377 3147 1548 3226; x_wconf 79' lang='lat' dir='ltr'>quatuor,</span> <span class='ocrx_word' id='word_1_205' title='bbox 1597 3123 1657 3228; x_wconf 85' lang='lat' dir='ltr'>qui</span> <span class='ocrx_word' id='word_1_206' title='bbox 1700 3123 1741 3198; x_wconf 80' lang='lat' dir='ltr'>ad</span> <span class='ocrx_word' id='word_1_207' title='bbox 1792 3122 1973 3198; x_wconf 80' lang='lat' dir='ltr'>dexteram</span> 
     </span>
     <span class='ocr_line' id='line_1_23' title="bbox 336 3228 1976 3341; baseline 0.004 -35"><span class='ocrx_word' id='word_1_208' title='bbox 336 3230 465 3319; x_wconf 88' lang='lat' dir='ltr'>editio,</span> <span class='ocrx_word' id='word_1_209' title='bbox 504 3259 608 3338; x_wconf 90' lang='lat' dir='ltr'>quam</span> <span class='ocrx_word' id='word_1_210' title='bbox 640 3231 733 3308; x_wconf 90' lang='lat' dir='ltr'>band</span> <span class='ocrx_word' id='word_1_211' title='bbox 776 3231 822 3306; x_wconf 88' lang='lat' dir='ltr'>ita</span> <span class='ocrx_word' id='word_1_212' title='bbox 855 3228 987 3335; x_wconf 91' lang='lat' dir='ltr'>pridem</span> <span class='ocrx_word' id='word_1_213' title='bbox 1029 3251 1126 3302; x_wconf 87' lang='lat' dir='ltr'>tam·</span> <span class='ocrx_word' id='word_1_214' title='bbox 1182 3234 1338 3340; x_wconf 85' lang='lat' dir='ltr'>dispositi</span> <span class='ocrx_word' id='word_1_215' title='bbox 1378 3253 1480 3320; x_wconf 87' lang='lat' dir='ltr'>sunt,</span> <span class='ocrx_word' id='word_1_216' title='bbox 1514 3235 1664 3312; x_wconf 90' lang='lat' dir='ltr'>innuunt</span> <span class='ocrx_word' id='word_1_217' title='bbox 1702 3236 1889 3341; x_wconf 87' lang='lat' dir='ltr'>inprimis</span> <span class='ocrx_word' id='word_1_218' title='bbox 1919 3235 1976 3312; x_wconf 91' lang='lat' dir='ltr'>lit·</span> 
     </span>
     <span class='ocr_line' id='line_1_24' title="bbox 335 3340 1544 3453; baseline -0.006 -33"><span class='ocrx_word' id='word_1_219' title='bbox 335 3371 441 3449; x_wconf 89' lang='lat' dir='ltr'>quam</span> <span class='ocrx_word' id='word_1_220' title='bbox 482 3344 718 3421; x_wconf 88' lang='lat' dir='ltr'>hebraicarum</span> <span class='ocrx_word' id='word_1_221' title='bbox 755 3346 913 3420; x_wconf 90' lang='lat' dir='ltr'>omniurn</span> <span class='ocrx_word' id='word_1_222' title='bbox 957 3340 1125 3448; x_wconf 87' lang='lat' dir='ltr'>primam,</span> <span class='ocrx_word' id='word_1_223' title='bbox 1183 3350 1263 3424; x_wconf 74' lang='lat' dir='ltr'>reris</span> <span class='ocrx_word' id='word_1_224' title='bbox 1291 3352 1368 3453; x_wconf 79' lang='lat' dir='ltr'>ejus</span> <span class='ocrx_word' id='word_1_225' title='bbox 1396 3370 1544 3422; x_wconf 83' lang='lat' dir='ltr'>nomen.</span> 
     </span>
     <span class='ocr_line' id='line_1_25' title="bbox 336 3454 1859 3564; baseline 0.004 -32"><span class='ocrx_word' id='word_1_226' title='bbox 336 3457 558 3563; x_wconf 89' lang='lat' dir='ltr'>primumque</span> <span class='ocrx_word' id='word_1_227' title='bbox 580 3457 757 3534; x_wconf 90' lang='lat' dir='ltr'>hebraicae</span> <span class='ocrx_word' id='word_1_228' title='bbox 778 3454 1030 3564; x_wconf 82' lang='lat' dir='ltr'>typographiae</span> <span class='ocrx_word' id='word_1_229' title='bbox 1049 3476 1125 3529; x_wconf 88' lang='lat' dir='ltr'>ten·</span> <span class='ocrx_word' id='word_1_230' title='bbox 1418 3479 1529 3536; x_wconf 67' lang='lat' dir='ltr'>nnn)</span> <span class='ocrx_word' id='word_1_231' title='bbox 1557 3457 1676 3538; x_wconf 66' lang='lat' dir='ltr'>&#39;ruauh</span> <span class='ocrx_word' id='word_1_232' title='bbox 1704 3455 1746 3536; x_wconf 72' lang='lat' dir='ltr'>ht</span> <span class='ocrx_word' id='word_1_233' title='bbox 1776 3479 1859 3541; x_wconf 62' lang='lat' dir='ltr'>*altu</span> 
     </span>
     <span class='ocr_line' id='line_1_26' title="bbox 337 3571 1859 3674; baseline 0.001 -28"><span class='ocrx_word' id='word_1_234' title='bbox 337 3595 452 3646; x_wconf 87' lang='lat' dir='ltr'>tamen</span> <span class='ocrx_word' id='word_1_235' title='bbox 482 3571 607 3647; x_wconf 88' lang='lat' dir='ltr'>eruditi</span> <span class='ocrx_word' id='word_1_236' title='bbox 635 3595 755 3646; x_wconf 87' lang='lat' dir='ltr'>omnes</span> <span class='ocrx_word' id='word_1_237' title='bbox 782 3593 1026 3674; x_wconf 85' lang='lat' dir='ltr'>suspexerunt,</span> <span class='ocrx_word' id='word_1_238' title='bbox 1044 3571 1124 3641; x_wconf 81' lang='lat' dir='ltr'>Rar·</span> <span class='ocrx_word' id='word_1_239' title='bbox 1367 3592 1461 3647; x_wconf 63' lang='grc' dir='ltr'>ειν</span> <span class='ocrx_word' id='word_1_240' title='bbox 1488 3593 1564 3650; x_wconf 71' lang='lat' dir='ltr'>nan</span> <span class='ocrx_word' id='word_1_241' title='bbox 1593 3596 1666 3652; x_wconf 69' lang='lat' dir='ltr'>mat</span> <span class='ocrx_word' id='word_1_242' title='bbox 1691 3594 1761 3650; x_wconf 80' lang='lat' dir='ltr'>mn</span> <span class='ocrx_word' id='word_1_243' title='bbox 1788 3595 1859 3651; x_wconf 77' lang='lat' dir='ltr'>&#39;tun</span> 
     </span>
     <span class='ocr_line' id='line_1_27' title="bbox 338 3681 1860 3778; baseline 0.002 -21"><span class='ocrx_word' id='word_1_244' title='bbox 338 3683 498 3772; x_wconf 89' lang='lat' dir='ltr'>toloccii,</span> <span class='ocrx_word' id='word_1_245' title='bbox 516 3683 713 3760; x_wconf 87' lang='lat' dir='ltr'>Chevillerii</span> <span class='ocrx_word' id='word_1_246' title='bbox 729 3736 740 3774; x_wconf 94' lang='lat'>,</span> <span class='ocrx_word' id='word_1_247' title='bbox 759 3683 932 3758; x_wconf 89' lang='lat' dir='ltr'>Maittairii</span> <span class='ocrx_word' id='word_1_248' title='bbox 961 3681 1123 3756; x_wconf 89' lang='lat' dir='ltr'>aliorum·</span> <span class='ocrx_word' id='word_1_249' title='bbox 1350 3705 1470 3762; x_wconf 59' lang='lat' dir='ltr'>ottho</span> <span class='ocrx_word' id='word_1_250' title='bbox 1500 3705 1589 3761; x_wconf 71' lang='lat' dir='ltr'>maro</span> <span class='ocrx_word' id='word_1_251' title='bbox 1616 3707 1681 3764; x_wconf 69' lang='lat' dir='ltr'>&#39;our</span> <span class='ocrx_word' id='word_1_252' title='bbox 1710 3707 1780 3763; x_wconf 85' lang='lat' dir='ltr'>&#39;trtur</span> <span class='ocrx_word' id='word_1_253' title='bbox 1810 3682 1860 3778; x_wconf 70' lang='lat' dir='ltr'>tab</span> 
     </span>
     <span class='ocr_line' id='line_1_28' title="bbox 334 3794 1861 3904; baseline 0.002 -33"><span class='ocrx_word' id='word_1_254' title='bbox 334 3823 403 3900; x_wconf 92' lang='lat' dir='ltr'>que</span> <span class='ocrx_word' id='word_1_255' title='bbox 433 3796 576 3904; x_wconf 85' lang='lat' dir='ltr'>vestigia</span> <span class='ocrx_word' id='word_1_256' title='bbox 620 3796 754 3880; x_wconf 86' lang='lat' dir='ltr'>secuti,</span> <span class='ocrx_word' id='word_1_257' title='bbox 799 3819 834 3870; x_wconf 91' lang='lat' dir='ltr'>ut</span> <span class='ocrx_word' id='word_1_258' title='bbox 862 3794 1122 3870; x_wconf 86' lang='lat' dir='ltr'>observavimus</span> <span class='ocrx_word' id='word_1_259' title='bbox 1406 3817 1525 3874; x_wconf 68' lang='lat' dir='ltr'>maran</span> <span class='ocrx_word' id='word_1_260' title='bbox 1553 3795 1704 3875; x_wconf 72' lang='lat' dir='ltr'>:amathi</span> <span class='ocrx_word' id='word_1_261' title='bbox 1732 3818 1861 3874; x_wconf 65' lang='lat' dir='ltr'>onnon</span> 
     </span>
     <span class='ocr_line' id='line_1_29' title="bbox 338 3907 1860 4014; baseline 0.005 -35"><span class='ocrx_word' id='word_1_262' title='bbox 338 3907 372 3980; x_wconf 89' lang='lat' dir='ltr'>in</span> <span class='ocrx_word' id='word_1_263' title='bbox 413 3910 551 3985; x_wconf 84' lang='lat' dir='ltr'>Dissert.</span> <span class='ocrx_word' id='word_1_264' title='bbox 582 3907 772 4014; x_wconf 87' lang='lat' dir='ltr'>praelimin.</span> <span class='ocrx_word' id='word_1_265' title='bbox 800 3908 833 4002; x_wconf 79' lang='lat' dir='ltr'>s.</span> <span class='ocrx_word' id='word_1_266' title='bbox 861 3931 938 3982; x_wconf 90' lang='lat' dir='ltr'>vu.</span> <span class='ocrx_word' id='word_1_267' title='bbox 985 3910 1024 3979; x_wconf 84' lang='lat' dir='ltr'>ln</span> <span class='ocrx_word' id='word_1_268' title='bbox 1054 3931 1122 4008; x_wconf 91' lang='lat' dir='ltr'>qua</span> <span class='ocrx_word' id='word_1_269' title='bbox 1402 3909 1663 3988; x_wconf 62' lang='lat' dir='ltr'>cantaminum</span> <span class='ocrx_word' id='word_1_270' title='bbox 1692 3908 1761 3988; x_wconf 74' lang='lat' dir='ltr'>tina</span> <span class='ocrx_word' id='word_1_271' title='bbox 1789 3932 1860 3986; x_wconf 77' lang='lat' dir='ltr'>nnn</span> 
     </span>
     <span class='ocr_line' id='line_1_30' title="bbox 335 4016 1855 4124; baseline 0.002 -31"><span class='ocrx_word' id='word_1_272' title='bbox 335 4018 478 4123; x_wconf 87' lang='lat' dir='ltr'>quidem</span> <span class='ocrx_word' id='word_1_273' title='bbox 518 4045 554 4095; x_wconf 90' lang='lat' dir='ltr'>re</span> <span class='ocrx_word' id='word_1_274' title='bbox 595 4045 764 4124; x_wconf 88' lang='lat' dir='ltr'>quantum</span> <span class='ocrx_word' id='word_1_275' title='bbox 814 4018 1014 4094; x_wconf 85' lang='lat' dir='ltr'>hallucinati</span> <span class='ocrx_word' id='word_1_276' title='bbox 1055 4016 1123 4091; x_wconf 88' lang='lat' dir='ltr'>sint</span> <span class='ocrx_word' id='word_1_277' title='bbox 1320 4041 1422 4114; x_wconf 63' lang='lat' dir='ltr'>mat</span> <span class='ocrx_word' id='word_1_278' title='bbox 1449 4043 1543 4098; x_wconf 74' lang='lat' dir='ltr'>mant</span> <span class='ocrx_word' id='word_1_279' title='bbox 1571 4021 1641 4112; x_wconf 65' lang='lat' dir='ltr'>nuth</span> <span class='ocrx_word' id='word_1_280' title='bbox 1667 4045 1765 4098; x_wconf 73' lang='lat' dir='ltr'>mtto</span> <span class='ocrx_word' id='word_1_281' title='bbox 1795 4019 1855 4098; x_wconf 63' lang='lat' dir='ltr'>bata</span> 
     </span>
     <span class='ocr_line' id='line_1_31' title="bbox 335 4128 1859 4235; baseline 0.001 -29"><span class='ocrx_word' id='word_1_282' title='bbox 335 4130 511 4206; x_wconf 85' lang='lat' dir='ltr'>clarissimi</span> <span class='ocrx_word' id='word_1_283' title='bbox 551 4130 640 4220; x_wconf 81' lang='lat' dir='ltr'>viri,</span> <span class='ocrx_word' id='word_1_284' title='bbox 684 4157 729 4208; x_wconf 81' lang='lat' dir='ltr'>ex</span> <span class='ocrx_word' id='word_1_285' title='bbox 770 4131 947 4235; x_wconf 90' lang='lat' dir='ltr'>hucusque</span> <span class='ocrx_word' id='word_1_286' title='bbox 991 4128 1122 4204; x_wconf 89' lang='lat' dir='ltr'>descri-</span> <span class='ocrx_word' id='word_1_287' title='bbox 1403 4151 1532 4212; x_wconf 56' lang='lat' dir='ltr'>:states</span> <span class='ocrx_word' id='word_1_288' title='bbox 1560 4152 1606 4207; x_wconf 67' lang='lat'>³³:</span> <span class='ocrx_word' id='word_1_289' title='bbox 1636 4155 1690 4208; x_wconf 79' lang='grc' dir='ltr'>ιιι-ι</span> <span class='ocrx_word' id='word_1_290' title='bbox 1717 4153 1765 4208; x_wconf 68' lang='grc' dir='ltr'>ἰο</span> <span class='ocrx_word' id='word_1_291' title='bbox 1795 4153 1859 4208; x_wconf 77' lang='lat' dir='ltr'>&#39;t&#39;trt</span> 
     </span>
     <span class='ocr_line' id='line_1_32' title="bbox 268 4239 1860 4350; baseline 0 -32"><span class='ocrx_word' id='word_1_292' title='bbox 268 4253 281 4274; x_wconf 84' lang='lat'><strong><em>‘</em></strong></span> <span class='ocrx_word' id='word_1_293' title='bbox 335 4244 403 4350; x_wconf 88' lang='lat' dir='ltr'>ptis</span> <span class='ocrx_word' id='word_1_294' title='bbox 431 4243 528 4320; x_wconf 85' lang='lat' dir='ltr'>libris</span> <span class='ocrx_word' id='word_1_295' title='bbox 544 4244 623 4319; x_wconf 90' lang='lat' dir='ltr'>satis</span> <span class='ocrx_word' id='word_1_296' title='bbox 636 4255 772 4320; x_wconf 88' lang='lat' dir='ltr'>constat</span> <span class='ocrx_word' id='word_1_297' title='bbox 801 4267 893 4318; x_wconf 88' lang='lat' dir='ltr'>certa</span> <span class='ocrx_word' id='word_1_298' title='bbox 921 4241 1009 4316; x_wconf 84' lang='lat' dir='ltr'>anni</span> <span class='ocrx_word' id='word_1_299' title='bbox 1029 4239 1124 4315; x_wconf 88' lang='lat' dir='ltr'>desi·</span> <span class='ocrx_word' id='word_1_300' title='bbox 1347 4261 1466 4318; x_wconf 58' lang='lat' dir='ltr'>:aaut</span> <span class='ocrx_word' id='word_1_301' title='bbox 1494 4263 1679 4320; x_wconf 68' lang='lat' dir='ltr'>maroam</span> <span class='ocrx_word' id='word_1_302' title='bbox 1706 4241 1860 4320; x_wconf 66' lang='lat' dir='ltr'>manuhe</span> 
     </span>
     <span class='ocr_line' id='line_1_33' title="bbox 336 4351 1871 4463; baseline 0 -35"><span class='ocrx_word' id='word_1_303' title='bbox 336 4360 497 4463; x_wconf 86' lang='lat' dir='ltr'>gnatione</span> <span class='ocrx_word' id='word_1_304' title='bbox 525 4357 799 4462; x_wconf 89' lang='lat' dir='ltr'>antiquioribus,</span> <span class='ocrx_word' id='word_1_305' title='bbox 829 4380 866 4431; x_wconf 92' lang='lat' dir='ltr'>ut</span> <span class='ocrx_word' id='word_1_306' title='bbox 895 4352 980 4429; x_wconf 87' lang='lat' dir='ltr'>nihil</span> <span class='ocrx_word' id='word_1_307' title='bbox 1009 4351 1054 4428; x_wconf 89' lang='lat' dir='ltr'>de</span> <span class='ocrx_word' id='word_1_308' title='bbox 1073 4374 1124 4427; x_wconf 89' lang='lat' dir='ltr'>tot</span> <span class='ocrx_word' id='word_1_309' title='bbox 1179 4351 1379 4440; x_wconf 91' lang='lat' dir='ltr'>„Divinae</span> <span class='ocrx_word' id='word_1_310' title='bbox 1408 4355 1574 4433; x_wconf 85' lang='lat' dir='ltr'>sectiones</span> <span class='ocrx_word' id='word_1_311' title='bbox 1603 4355 1715 4432; x_wconf 87' lang='lat' dir='ltr'>Israeli</span> <span class='ocrx_word' id='word_1_312' title='bbox 1744 4353 1871 4429; x_wconf 89' lang='lat' dir='ltr'>dantur</span> 
     </span>
     <span class='ocr_line' id='line_1_34' title="bbox 335 4464 1969 4575; baseline -0.001 -30"><span class='ocrx_word' id='word_1_313' title='bbox 335 4468 410 4545; x_wconf 90' lang='lat' dir='ltr'>aliis</span> <span class='ocrx_word' id='word_1_314' title='bbox 439 4468 553 4544; x_wconf 85' lang='lat' dir='ltr'>dicam</span> <span class='ocrx_word' id='word_1_315' title='bbox 582 4472 654 4546; x_wconf 86' lang='lat' dir='ltr'>sine</span> <span class='ocrx_word' id='word_1_316' title='bbox 680 4496 771 4546; x_wconf 91' lang='lat' dir='ltr'>auno</span> <span class='ocrx_word' id='word_1_317' title='bbox 792 4489 827 4544; x_wconf 92' lang='lat' dir='ltr'>et</span> <span class='ocrx_word' id='word_1_318' title='bbox 849 4467 950 4557; x_wconf 77' lang='lat' dir='ltr'>loco,</span> <span class='ocrx_word' id='word_1_319' title='bbox 977 4466 1035 4542; x_wconf 90' lang='lat' dir='ltr'>sed</span> <span class='ocrx_word' id='word_1_320' title='bbox 1056 4466 1126 4571; x_wconf 90' lang='lat' dir='ltr'>pti·</span> <span class='ocrx_word' id='word_1_321' title='bbox 1181 4472 1327 4564; x_wconf 88' lang='lat' dir='ltr'>„Quas</span> <span class='ocrx_word' id='word_1_322' title='bbox 1372 4464 1566 4545; x_wconf 89' lang='lat' dir='ltr'>docuerunt</span> <span class='ocrx_word' id='word_1_323' title='bbox 1611 4493 1645 4544; x_wconf 92' lang='lat' dir='ltr'>et</span> <span class='ocrx_word' id='word_1_324' title='bbox 1698 4491 1969 4575; x_wconf 89' lang='lat' dir='ltr'>composuerunt</span> 
     </span>
     <span class='ocr_line' id='line_1_35' title="bbox 335 4581 1422 4689; baseline 0.001 -34"><span class='ocrx_word' id='word_1_325' title='bbox 335 4605 392 4655; x_wconf 89' lang='lat' dir='ltr'>ma</span> <span class='ocrx_word' id='word_1_326' title='bbox 439 4581 695 4689; x_wconf 83' lang='lat' dir='ltr'>typographiae</span> <span class='ocrx_word' id='word_1_327' title='bbox 735 4605 846 4658; x_wconf 86' lang='lat' dir='ltr'>aetate</span> <span class='ocrx_word' id='word_1_328' title='bbox 890 4603 926 4657; x_wconf 89' lang='lat' dir='ltr'>et</span> <span class='ocrx_word' id='word_1_329' title='bbox 955 4602 1034 4654; x_wconf 89' lang='lat' dir='ltr'>ante</span> <span class='ocrx_word' id='word_1_330' title='bbox 1064 4605 1125 4654; x_wconf 87' lang='lat' dir='ltr'>no·</span> <span class='ocrx_word' id='word_1_331' title='bbox 1296 4581 1422 4656; x_wconf 89' lang='lat' dir='ltr'>Graeci</span> 
     </span>
     <span class='ocr_line' id='line_1_36' title="bbox 336 4669 1971 4799; baseline 0.001 -31"><span class='ocrx_word' id='word_1_332' title='bbox 336 4716 445 4769; x_wconf 88' lang='lat' dir='ltr'>strum</span> <span class='ocrx_word' id='word_1_333' title='bbox 474 4669 660 4771; x_wconf 65' lang='lat' dir='ltr'>ccfflssime</span> <span class='ocrx_word' id='word_1_334' title='bbox 688 4693 808 4770; x_wconf 56' lang='lat' dir='ltr'>editis,</span> <span class='ocrx_word' id='word_1_335' title='bbox 849 4698 921 4770; x_wconf 86' lang='lat' dir='ltr'>Nec</span> <span class='ocrx_word' id='word_1_336' title='bbox 951 4717 1126 4799; x_wconf 90' lang='lat' dir='ltr'>tamquam</span> <span class='ocrx_word' id='word_1_337' title='bbox 1183 4745 1205 4780; x_wconf 87' lang='lat'><strong>„</strong></span> <span class='ocrx_word' id='word_1_338' title='bbox 1233 4695 1300 4766; x_wconf 91' lang='lat' dir='ltr'>Pro</span> <span class='ocrx_word' id='word_1_339' title='bbox 1330 4691 1403 4768; x_wconf 88' lang='lat' dir='ltr'>lilio</span> <span class='ocrx_word' id='word_1_340' title='bbox 1431 4712 1591 4769; x_wconf 88' lang='lat' dir='ltr'>aurorae.</span> <span class='ocrx_word' id='word_1_341' title='bbox 1619 4697 1753 4769; x_wconf 89' lang='lat' dir='ltr'>Nomen</span> <span class='ocrx_word' id='word_1_342' title='bbox 1778 4718 1894 4770; x_wconf 90' lang='lat' dir='ltr'>meum</span> <span class='ocrx_word' id='word_1_343' title='bbox 1918 4713 1971 4770; x_wconf 87' lang='lat' dir='ltr'>est</span> 
     </span>
     <span class='ocr_line' id='line_1_37' title="bbox 335 4790 1769 4916; baseline 0.002 -36"><span class='ocrx_word' id='word_1_344' title='bbox 335 4807 468 4913; x_wconf 91' lang='lat' dir='ltr'>primus</span> <span class='ocrx_word' id='word_1_345' title='bbox 488 4805 795 4883; x_wconf 89' lang='lat' dir='ltr'>celeberrimorum</span> <span class='ocrx_word' id='word_1_346' title='bbox 815 4790 1037 4884; x_wconf 74' lang='lat' dir='ltr'>soncinamnr</span> <span class='ocrx_word' id='word_1_347' title='bbox 1055 4804 1127 4880; x_wconf 87' lang='lat' dir='ltr'>foe·</span> <span class='ocrx_word' id='word_1_348' title='bbox 1296 4803 1458 4881; x_wconf 87' lang='lat' dir='ltr'>Delectus</span> <span class='ocrx_word' id='word_1_349' title='bbox 1487 4805 1769 4916; x_wconf 82' lang='lat' dir='ltr'>margaritarum,</span> 
     </span>
     <span class='ocr_line' id='line_1_38' title="bbox 337 4915 1970 5026; baseline -0.001 -33"><span class='ocrx_word' id='word_1_350' title='bbox 337 4941 413 5009; x_wconf 90' lang='lat' dir='ltr'>tus,</span> <span class='ocrx_word' id='word_1_351' title='bbox 455 4944 491 4995; x_wconf 90' lang='lat' dir='ltr'>ut</span> <span class='ocrx_word' id='word_1_352' title='bbox 534 4919 711 5026; x_wconf 84' lang='lat' dir='ltr'>bucusque</span> <span class='ocrx_word' id='word_1_353' title='bbox 752 4918 966 5008; x_wconf 87' lang='lat' dir='ltr'>habebatur,</span> <span class='ocrx_word' id='word_1_354' title='bbox 1006 4916 1125 4994; x_wconf 89' lang='lat' dir='ltr'>haberi</span> <span class='ocrx_word' id='word_1_355' title='bbox 1184 4969 1205 5009; x_wconf 95' lang='lat'>„</span> <span class='ocrx_word' id='word_1_356' title='bbox 1235 4917 1379 5022; x_wconf 90' lang='lat' dir='ltr'>Eloquia</span> <span class='ocrx_word' id='word_1_357' title='bbox 1418 4943 1540 4993; x_wconf 91' lang='lat' dir='ltr'>eorum</span> <span class='ocrx_word' id='word_1_358' title='bbox 1584 4918 1626 4996; x_wconf 92' lang='lat' dir='ltr'>iis</span> <span class='ocrx_word' id='word_1_359' title='bbox 1652 4921 1714 5025; x_wconf 92' lang='lat' dir='ltr'>qui</span> <span class='ocrx_word' id='word_1_360' title='bbox 1745 4945 1785 4995; x_wconf 90' lang='lat' dir='ltr'>ea</span> <span class='ocrx_word' id='word_1_361' title='bbox 1823 4915 1970 5008; x_wconf 86' lang='lat' dir='ltr'>vident,</span> 
     </span>
     <span class='ocr_line' id='line_1_39' title="bbox 334 5029 1521 5140; baseline -0.002 -34"><span class='ocrx_word' id='word_1_362' title='bbox 334 5032 404 5134; x_wconf 87' lang='lat' dir='ltr'>jam</span> <span class='ocrx_word' id='word_1_363' title='bbox 448 5032 582 5138; x_wconf 81' lang='lat' dir='ltr'>potest,</span> <span class='ocrx_word' id='word_1_364' title='bbox 623 5059 733 5138; x_wconf 89' lang='lat' dir='ltr'>quum</span> <span class='ocrx_word' id='word_1_365' title='bbox 764 5031 906 5140; x_wconf 92' lang='lat' dir='ltr'>gloriam</span> <span class='ocrx_word' id='word_1_366' title='bbox 949 5029 1055 5118; x_wconf 91' lang='lat' dir='ltr'>hanc,</span> <span class='ocrx_word' id='word_1_367' title='bbox 1086 5051 1124 5107; x_wconf 91' lang='lat' dir='ltr'>ut</span> <span class='ocrx_word' id='word_1_368' title='bbox 1296 5055 1376 5106; x_wconf 89' lang='lat' dir='ltr'>sunt</span> <span class='ocrx_word' id='word_1_369' title='bbox 1405 5053 1521 5117; x_wconf 90' lang='lat' dir='ltr'>recta,</span> 
     </span>
     <span class='ocr_line' id='line_1_40' title="bbox 336 5139 1969 5249; baseline 0.001 -33"><span class='ocrx_word' id='word_1_370' title='bbox 336 5167 421 5216; x_wconf 85' lang='lat' dir='ltr'>mox</span> <span class='ocrx_word' id='word_1_371' title='bbox 450 5141 689 5232; x_wconf 83' lang='lat' dir='ltr'>ostendimus,</span> <span class='ocrx_word' id='word_1_372' title='bbox 731 5171 824 5221; x_wconf 89' lang='lat' dir='ltr'>nunc</span> <span class='ocrx_word' id='word_1_373' title='bbox 863 5144 929 5221; x_wconf 94' lang='lat' dir='ltr'>sibi</span> <span class='ocrx_word' id='word_1_374' title='bbox 972 5141 1124 5223; x_wconf 85' lang='lat' dir='ltr'>vindicet</span> <span class='ocrx_word' id='word_1_375' title='bbox 1180 5197 1204 5238; x_wconf 91' lang='lat'><strong>„</strong></span> <span class='ocrx_word' id='word_1_376' title='bbox 1234 5142 1344 5222; x_wconf 90' lang='lat' dir='ltr'>Valde</span> <span class='ocrx_word' id='word_1_377' title='bbox 1371 5167 1529 5218; x_wconf 88' lang='lat' dir='ltr'>crescunt</span> <span class='ocrx_word' id='word_1_378' title='bbox 1560 5143 1615 5218; x_wconf 88' lang='lat' dir='ltr'>vel</span> <span class='ocrx_word' id='word_1_379' title='bbox 1644 5143 1732 5220; x_wconf 88' lang='lat' dir='ltr'>fiunt</span> <span class='ocrx_word' id='word_1_380' title='bbox 1761 5139 1969 5249; x_wconf 88' lang='lat' dir='ltr'>magni,in·</span> 
     </span>
     <span class='ocr_line' id='line_1_41' title="bbox 337 5254 1648 5364; baseline 0 -36"><span class='ocrx_word' id='word_1_381' title='bbox 337 5279 502 5333; x_wconf 89' lang='lat' dir='ltr'>tractatus</span> <span class='ocrx_word' id='word_1_382' title='bbox 539 5257 729 5344; x_wconf 76' lang='lat' dir='ltr'>beracoth,</span> <span class='ocrx_word' id='word_1_383' title='bbox 768 5259 828 5364; x_wconf 90' lang='lat' dir='ltr'>qui</span> <span class='ocrx_word' id='word_1_384' title='bbox 866 5283 948 5335; x_wconf 91' lang='lat' dir='ltr'>eum</span> <span class='ocrx_word' id='word_1_385' title='bbox 988 5259 1123 5364; x_wconf 87' lang='lat' dir='ltr'>integro</span> <span class='ocrx_word' id='word_1_386' title='bbox 1296 5254 1523 5364; x_wconf 85' lang='lat' dir='ltr'>relliguntqtte</span> <span class='ocrx_word' id='word_1_387' title='bbox 1554 5254 1648 5330; x_wconf 89' lang='lat' dir='ltr'>docti</span> 
     </span>
     <span class='ocr_line' id='line_1_42' title="bbox 337 5359 1970 5475; baseline -0.004 -35"><span class='ocrx_word' id='word_1_388' title='bbox 337 5392 453 5442; x_wconf 87' lang='lat' dir='ltr'>mense</span> <span class='ocrx_word' id='word_1_389' title='bbox 484 5371 684 5473; x_wconf 85' lang='lat' dir='ltr'>praecessit.</span> <span class='ocrx_word' id='word_1_390' title='bbox 714 5369 829 5448; x_wconf 85' lang='lat' dir='ltr'>Editio</span> <span class='ocrx_word' id='word_1_391' title='bbox 858 5371 980 5474; x_wconf 89' lang='lat' dir='ltr'>incipit</span> <span class='ocrx_word' id='word_1_392' title='bbox 1010 5396 1126 5475; x_wconf 92' lang='lat' dir='ltr'>aper·</span> <span class='ocrx_word' id='word_1_393' title='bbox 1182 5417 1208 5462; x_wconf 84' lang='lat'>,‚</span> <span class='ocrx_word' id='word_1_394' title='bbox 1234 5375 1273 5445; x_wconf 93' lang='lat' dir='ltr'>ln</span> <span class='ocrx_word' id='word_1_395' title='bbox 1304 5368 1465 5444; x_wconf 89' lang='lat' dir='ltr'>omnibus</span> <span class='ocrx_word' id='word_1_396' title='bbox 1494 5366 1631 5442; x_wconf 88' lang='lat' dir='ltr'>secretis</span> <span class='ocrx_word' id='word_1_397' title='bbox 1659 5362 1827 5442; x_wconf 86' lang='lat' dir='ltr'>sermonis</span> <span class='ocrx_word' id='word_1_398' title='bbox 1852 5359 1970 5471; x_wconf 87' lang='lat' dir='ltr'>aenig-</span> 
     </span>
     <span class='ocr_line' id='line_1_43' title="bbox 337 5477 1620 5590; baseline -0.002 -36"><span class='ocrx_word' id='word_1_399' title='bbox 337 5477 434 5556; x_wconf 85' lang='lat' dir='ltr'>brevi</span> <span class='ocrx_word' id='word_1_400' title='bbox 464 5483 619 5576; x_wconf 90' lang='lat' dir='ltr'>tnonitn,</span> <span class='ocrx_word' id='word_1_401' title='bbox 648 5482 703 5560; x_wconf 82' lang='lat' dir='ltr'>rel</span> <span class='ocrx_word' id='word_1_402' title='bbox 730 5481 997 5590; x_wconf 85' lang='lat' dir='ltr'>praefatiuncula</span> <span class='ocrx_word' id='word_1_403' title='bbox 1028 5508 1050 5580; x_wconf 90' lang='lat'>7</span> <span class='ocrx_word' id='word_1_404' title='bbox 1085 5481 1128 5558; x_wconf 87' lang='lat' dir='ltr'>li·</span> <span class='ocrx_word' id='word_1_405' title='bbox 1228 5521 1232 5528; x_wconf 45' lang='lat'>*</span> <span class='ocrx_word' id='word_1_406' title='bbox 1297 5479 1412 5555; x_wconf 87' lang='lat' dir='ltr'>marici</span> <span class='ocrx_word' id='word_1_407' title='bbox 1443 5502 1620 5558; x_wconf 76' lang='lat' dir='ltr'>aeterum.</span> 
     </span>
    </p>
   </div>
   <div class='ocr_carea' id='block_1_7' title="bbox 0 0 2618 7090">
    <p class='ocr_par' dir='ltr' id='par_1_7' title="bbox 0 0 2618 7090">
     <span class='ocr_line' id='line_1_44' title="bbox 0 0 2618 7090; baseline 0 0"><span class='ocrx_word' id='word_1_408' title='bbox 0 0 2618 7090; x_wconf 95' lang='lat' dir='ltr'> </span> 
     </span>
    </p>
   </div>
  </div>
 </body>
</html>
