5146 7094
731 725 1382 807 :enascatur
1869 731 1920 830 m

283 935 432 991 terarum
463 937 521 987 scu
550 907 783 1017 typotetbae,
816 906 920 984 hodie
949 905 1003 982 die
1034 932 1073 982 vt
1130 909 1198 987 Sed
1227 907 1296 985 hoc
1326 905 1427 1015 plane
1455 907 1624 987 incertum
1655 931 1727 997 est,
1755 906 1845 984 etsi
1875 931 1921 983 ex

280 1027 409 1104 mensis
438 1025 567 1100 chislcv
590 1048 681 1097 anno
709 1047 804 1098 ecurt
834 1021 973 1098 minoris
992 1047 1074 1128 sup.-
1131 1023 1234 1100 titulo
1264 1020 1408 1098 totidem
1440 1023 1615 1130 conceptis
1645 1022 1756 1098 verbis
1787 1024 1921 1128 utrique

278 1139 535 1248 putationis...
576 1136 725 1212 Alterius
767 1135 903 1214 artificis
944 1159 1071 1210 nornen
1128 1134 1238 1212 codici
1280 1137 1435 1240 praefixo
1480 1138 1603 1240 conjici
1647 1136 1760 1242 aliqua
1792 1138 1922 1210 ratione

277 1252 427 1330 occurrit
457 1249 501 1326 ad
532 1247 662 1326 calcem
704 1247 891 1326 voluminis
927 1273 977 1324 ιιι
1015 1269 1071 1344 pm
1129 1273 1271 1356 potest,
1311 1247 1455 1324 eandem
1494 1250 1527 1326 in
1568 1249 1731 1326 Laudauo
1772 1277 1811 1336 ac
1842 1273 1925 1326 mco.

281 1389 374 1466 mxu
402 1361 489 1440 ‘saal
517 1382 595 1458 :put
619 1355 718 1440 ‘vum
746 1385 777 1456 13
805 1383 939 1440 :murt
968 1383 1078 1458 pmrrrt
1136 1389 1213 1462 927
1244 1362 1369 1441 servari
1401 1361 1610 1453 versionem,
1631 1389 1669 1438 ea
1695 1390 1774 1439 sane
1796 1391 1813 1438 a
1837 1370 1925 1438 Nea

281 1501 338 1580 qn*
368 1477 410 1556 tvi
440 1496 542 1574 xvtprt
570 1501 611 1555 nr
640 1498 683 1572 pr*
710 1474 752 1554 tri
778 1498 916 1555 tarnum
942 1530 962 1563 „
992 1479 1077 1551 For·
1134 1477 1283 1582 politana
1324 1498 1438 1552 nostra
1483 1478 1739 1582 quammaxime
1783 1476 1921 1552 differt.

277 1595 321 1670 tis
347 1597 390 1670 sit
419 1619 458 1668 ac
488 1591 667 1669 confirmet
709 1617 744 1666 se
779 1589 954 1668 Abrabam
984 1589 1074 1666 tilius
1131 1595 1306 1667 Praeterea
1336 1586 1536 1668 Hamathaei
1570 1589 1803 1697 interpretatio
1832 1591 1920 1667 facta

280 1705 413 1783 domini
442 1706 587 1810 sapient.
615 1707 655 1780 R.
683 1705 799 1786 lacobi
828 1702 946 1781 Lando
969 1726 1074 1810 typo-
1129 1726 1179 1780 est
1207 1729 1252 1782 ex
1280 1702 1440 1790 arabico,
1467 1727 1504 1780 ut
1540 1727 1654 1779 rnonet
1684 1704 1796 1779 codex
1827 1711 1923 1781 Mar·

280 1819 401 1908 rerba,
430 1819 557 1895 damno
586 1844 656 1894 non
685 1817 871 1906 afficiatur,
899 1816 1002 1894 etiam
1024 1815 1072 1891 le·
1132 1816 1354 1906 aemilianus,
1385 1839 1498 1892 nostra
1526 1841 1607 1892 veto
1634 1845 1714 1894 curn
1737 1818 1839 1893 latina
1863 1844 1923 1923 ap·

279 1961 355 2010 ctor
384 1960 451 2009 non
472 1931 676 2038 defatigetur
697 1985 742 2022 „.
771 1939 989 2009 Postremum
1014 1957 1075 2006 vo-
1132 1933 1241 2037 ptime
1259 1929 1440 2007 convenit.
1457 1982 1479 2020 „
1498 1930 1637 2008 Contuli
1659 1957 1724 2039 ego
1746 1931 1924 2021 nonnihil,

279 2046 398 2128 lumen
429 2048 557 2153 absque
587 2044 654 2121 ulla
687 2046 878 2154 epigraphe
910 2045 1078 2154 explicit.
1138 2046 1251 2152 inquit
1273 2043 1439 2130 Wolfius,
1470 2045 1657 2123 versionem
1682 2046 1770 2122 batte
1792 2045 1927 2122 hebrai-

369 2165 420 2236 Ex
464 2186 576 2236 nostra
620 2161 834 2236 emendanda
880 2183 930 2238 est
972 2127 1213 2236 latinabcam
1242 2185 1324 2235 cum
1347 2158 1449 2234 latina
1469 2184 1558 2264 quae
1580 2161 1716 2267 saepius
1736 2157 1825 2236 edita
1847 2187 1879 2234 v.
1894 2187 1926 2237 c.

205 2266 208 2281 '
286 2274 402 2349 Wolfii
434 2273 555 2379 prioris
598 2273 796 2380 epigraphis
824 2275 1080 2379 interpretatio,
1137 2279 1259 2349 Venet.
1294 2299 1397 2372 1507
1430 2302 1466 2370 4.
1486 2297 1632 2378 eamque
1661 2301 1740 2350 cum
1771 2271 1836 2350 hac
1864 2301 1926 2380 ap·

264 2395 373 2492 'quae
404 2411 498 2462 extat
529 2411 613 2461 tom.
634 2411 674 2461 ιιι
696 2413 772 2494 pag.
804 2391 849 2462 6.
878 2385 1079 2462 Hebraicam
1138 2391 1248 2492 prime
1287 2387 1472 2462 convenire
1511 2385 1688 2462 intellexi.
1745 2391 1815 2464 Nee
1852 2386 1927 2464 for·

285 2501 434 2576 Wolfius
464 2501 538 2605 ipse
580 2498 777 2578 emendavit
821 2527 860 2576 ac
891 2500 1081 2606 pleniorem
1138 2525 1225 2576 tasse
1254 2499 1403 2591 fallitur,
1431 2500 1492 2605 qui
1538 2499 1572 2573 itt
1602 2499 1720 2576 limine
1749 2501 1965 2606 exempla.

281 2611 379 2689 dedit
411 2637 566 2688 tom.1v
597 2639 675 2722 pag.
704 2639 816 2714 749,
847 2613 906 2689 ubi
932 2636 965 2688 et
997 2613 1082 2689 inte·
1137 2615 1182 2690 tis
1225 2613 1400 2700 hebraici,
1437 2637 1481 2689 ex
1510 2637 1582 2719 quo
1617 2611 1702 2691 haec
1735 2611 1926 2722 descripsi,

283 2755 380 2836 grarn
412 2730 525 2832 operis
564 2726 806 2832 praefationem
836 2727 967 2803 attulit.
1007 2724 1075 2803 Sed
1135 2748 1308 2803 notaverat
1338 2726 1653 2834 interpretationem
1685 2726 1773 2804 banc
1802 2753 1846 2803 ex
1877 2729 1925 2804 la·

283 2839 406 2916 nullibi
436 2840 574 2949 corrigit
604 2867 692 2944 quae
713 2840 756 2916 de
777 2839 997 2948 typographo
1016 2867 1077 2914 no·
1135 2841 1203 2916 tina
1233 2838 1401 2917 Gerhardi
1440 2841 1677 2916 Carmonensis
1718 2839 1841 2916 saetam
1873 2867 1926 2918 es·

211 2957 219 2965 '
283 2979 355 3030 stro
387 2959 492 3029 haer
535 2980 707 3060 pravaque
746 2959 818 3052 ejus
860 2952 1074 3064 cognominis
1131 2980 1166 3030 se
1195 3008 1235 3041 „.
1264 2952 1441 3030 Mediceus
1470 2949 1607 3029 videtur
1635 2976 1668 3028 et
1699 2953 1769 3060 ipse
1798 2959 1926 3029 Hama-

203 3129 223 3153 „
281 3065 429 3142 lectione
454 3061 638 3174 ¹scripserat
668 3069 899 3144 Bartoloccius
922 3067 1075 3142 acWol·
1133 3066 1225 3143 thaei
1246 3067 1454 3176 ‚versionem
1485 3066 1691 3172 complecti,
1731 3068 1759 3144 si
1789 3068 1815 3144 is
1843 3067 1925 3174 qui·

281 3180 347 3256 fios
378 3180 450 3284 ipse
478 3183 602 3285 repetit
632 3207 715 3258 torn.
733 3187 747 3254 1
767 3209 799 3288 p.
820 3187 920 3256 228.
948 3185 1076 3256 Trans·
1133 3179 1215 3256 dem
1244 3205 1288 3255 ex
1317 3179 1454 3256 arabico
1482 3193 1665 3256 conversus
1694 3205 1769 3267 est,
1796 3205 1833 3258 ut
1864 3208 1925 3257 tro·

282 3295 399 3400 posito
439 3293 530 3370 enirn
575 3293 633 3398 jod
675 3293 756 3402 legit
795 3293 852 3369 ille
892 3315 991 3372 ratt'rn
1037 3297 1077 3368 dc
1135 3319 1184 3371 tat
1215 3295 1399 3371 Biscionius
1427 3289 1592 3367 Biblioth.
1621 3293 1699 3370 heb.
1728 3294 1816 3370 Flor.
1848 3320 1924 3402 pag.

282 3414 410 3506 Nr‘qqo,
431 3435 470 3482 ac
491 3407 688 3484 Niceensem
711 3409 819 3515 patria
838 3407 1076 3514 fecit,quam·
1133 3409 1235 3504 480,
1265 3406 1323 3483 ubi
1353 3433 1429 3514 pag.
1464 3405 1618 3512 sequenti
1649 3405 1736 3483 male
1777 3408 1812 3482 in
1840 3407 1925 3484 civi·

285 3521 340 3597 vis
370 3521 540 3610 incertus,
569 3546 610 3595 an
654 3519 698 3595 de
727 3521 971 3597 Montisferrati
1010 3546 1075 3625 op·
1131 3545 1200 3596 rate
1229 3519 1386 3596 Asbouae
1421 3517 1546 3596 dicitur
1587 3521 1801 3625 completus.
1846 3525 1926 3596 He-

286 3633 398 3740 pido,
427 3633 480 3710 vel
510 3633 554 3709 de
584 3635 751 3710 maritima
781 3633 863 3711 urbe
895 3633 961 3710 boc
990 3656 1077 3708 esset
1133 3633 1225 3711 braei
1253 3635 1345 3709 enim
1384 3633 1523 3744 nomine
1558 3655 1706 3712 Γιιιιιιιι
1733 3660 1792 3710 seu
1821 3639 1926 3710 Itho-

283 3745 572 3854 intelligendum.
603 3746 744 3852 Neapoli
773 3773 887 3822 autem
910 3771 1076 3821 excusum
1133 3775 1214 3834 nae,
1243 3747 1487 3854 Ulyssiponem
1518 3747 1737 3854 intelligunt,
1764 3771 1801 3824 ut
1833 3771 1925 3853 patet

282 3857 384 3934 fuisse
414 3886 502 3964 opus
533 3858 710 3935 manifeste
739 3859 841 3935 docet
871 3857 1076 3968 epigraphe,
1133 3887 1178 3936 ex
1217 3886 1322 3966 supra
1364 3860 1462 3937 allata
1491 3861 1769 3968 Ulyssipouensis
1797 3864 1925 3938 Penta-

285 3997 357 4047 nnn
387 3973 516 4062 CPoli,
551 3995 588 4046 ut
618 3971 703 4046 olim
733 3971 938 4078 opinabatur
967 3973 1075 4046 Plan·
1134 3973 1251 4048 tenchi
1279 3971 1455 4048 editione.
1498 3973 1655 4048 Raritatis
1691 3998 1808 4049 notam
1849 3980 1926 4076 jure

283 4084 425 4160 ravititts
453 4083 540 4160 Bibl.
569 4083 666 4160 tabb.
706 4111 780 4191 pag.
816 4088 917 4182 548,
950 4085 1075 4190 quiet
1131 4085 1214 4160 huie
1252 4085 1423 4172 editioni,
1460 4089 1556 4188 cujus
1597 4085 1924 4190 praestantissimum

283 4195 374 4274 male
403 4197 520 4274 subdit
550 4222 679 4274 annum
710 4223 779 4274 non
811 4198 935 4274 notari.
963 4195 1074 4272 lnfo-
1131 4198 1224 4304 apud
1264 4224 1328 4274 nos
1364 4221 1459 4274 extat
1489 4198 1688 4302 exemplar,
1729 4198 1925 4276 attribuunt
1992 4233 1993 4238 ¹

283 4309 335 4387 lio
377 4311 525 4416 denique
566 4333 638 4396 est,
679 4335 712 4387 et
759 4337 776 4413 3
820 4309 1073 4397 voluminibus,
1131 4311 1276 4388 Wolfius
1304 4337 1343 4386 ac
1380 4309 1491 4386 David
1534 4310 1694 4386 Clemens
1723 4312 1758 4386 in
1787 4313 1922 4389 curiosa

283 4450 354 4500 non
384 4425 418 4500 itt
449 4454 486 4520 4.
523 4449 563 4499 ac
591 4435 740 4528 quatuor
778 4424 882 4512 voll.,
911 4449 949 4498 ut
978 4445 1075 4498 notat
1132 4452 1193 4503 sua
1244 4425 1412 4502 rariorum
1474 4425 1640 4501 librorum
1691 4423 1926 4501 Bibliotheca.

284 4537 471 4647 Catalogus
501 4565 580 4626 mss.
612 4535 757 4614 biblioth
789 4539 884 4645 publ.
913 4537 1073 4612 Parisien.
1131 4545 1318 4617 Kestnerus
1347 4539 1380 4613 in
1411 4536 1574 4614 Biblioth.
1603 4535 1735 4612 medica
1776 4538 1810 4612 in
1840 4539 1927 4614 xvi-

283 4673 369 4727 tom.
398 4657 413 4728 1
442 4678 519 4760 pag.
545 4676 618 4750 37,
646 4674 681 4726 et
709 4675 754 4726 ex
775 4676 818 4728 eo
836 4651 982 4728 Casirius
1010 4649 1074 4725 Bi·
1131 4679 1258 4729 neonae
1287 4654 1435 4730 Canonis
1473 4649 1610 4728 laudent
1640 4651 1807 4727 arabicam
1837 4649 1926 4727 edi-

285 4761 411 4868 blioth.
441 4766 533 4841 arab.
562 4765 653 4871 hisp.
698 4765 780 4839 torn.
820 4771 834 4840 1
865 4789 943 4871 pag.
976 4789 1073 4862 270.
1131 4767 1262 4843 tionem
1303 4764 1563 4857 Wratislaviae,
1593 4789 1667 4841 tutu
1705 4766 1926 4873 magnificen-

285 4879 373 4978 Quis
403 4879 580 4957 hebraicae
609 4897 742 4952 nostrae
761 4878 983 4954 Avicenniani
1005 4880 1076 4950 Ca·
1131 4883 1293 4956 tissimam
1340 4883 1529 4955 Romanam
1575 4877 1765 4955 Medicearn
1794 4878 1926 4969 refert,

285 4995 385 5068 nonis
415 4993 581 5068 versionis
621 4993 663 5066 sit
691 5016 831 5080 auctor,
860 5018 928 5066 non
960 4989 1073 5096 prodit
1129 5019 1232 5097 quam
1256 5019 1318 5068 nos
1341 5018 1406 5068 uua
1436 5019 1517 5068 cum
1546 4990 1684 5098 reliquis
1712 4991 1925 5069 editionibus

283 5105 411 5181 editio.
454 5102 693 5182 Verosintiliua
727 5131 806 5179 eum
834 5129 905 5180 esse
935 5103 1073 5179 Natha-
1129 5105 1454 5182 arabico-mediceis
1482 5107 1595 5212 magni
1625 5107 1779 5182 Etruriae
1816 5107 1924 5181 Ducis

286 5243 365 5293 nem
395 5218 645 5294 Hamatltaeum
675 5217 758 5292 olim
789 5217 942 5321 conjeci,
980 5222 1079 5318 cujus
1134 5219 1366 5296 munificentia
1397 5245 1436 5294 ac
1465 5217 1574 5310 ,dono
1602 5216 1840 5324 possidemus.
1880 5225 1928 5294 At

286 5357 411 5405 nomen
441 5333 603 5438 exprimit
624 5333 710 5406 inter
732 5330 934 5430 Bodleianos
963 5330 1077 5406 codex
1133 5332 1404 5408 nostram-hanc
1434 5330 1628 5408 hebraicam
1660 5356 1796 5436 prorsus
1823 5332 1928 5406 ornit-

286 5443 468 5519 Lautlanus
506 5471 601 5541 170,
621 5471 655 5518 et
676 5445 951 5521 Marscballianus
973 5435 1078 5538 aro,
1134 5445 1195 5530 tir,
1223 5443 1285 5519 etsi
1316 5445 1349 5518 in
1380 5443 1494 5552 operis
1522 5445 1691 5521 honorem
1709 5444 1832 5552 etipsa
1862 5443 1929 5518 mi·

289 5579 327 5633 nt
356 5581 475 5634 monet
504 5557 650 5637 wolfius
679 5581 764 5634 torn.
793 5583 833 5636 tv
863 5584 940 5667 pag.
974 5583 1077 5660 749.
1132 5557 1227 5634 rifice
1253 5555 1375 5634 cedat.
1822 5572 1823 5576 ’
