5222 7090
776 755 872 828 -DE
897 749 1023 828 ΗΕΒ.
1058 753 1177 828 TYP·
1205 751 1438 828 omme
1485 767 1491 796 ’·
1878 769 1938 826 711

286 954 378 1020 tae.
426 913 579 1016 Solent
626 957 809 1052 namque
853 922 1081 1050 bibliogra·
1136 926 1301 1048 pientes
1348 956 1492 1018 omnes
1539 949 1706 1017 nostrae
1756 925 1932 1016 aetatis.

284 1057 362 1182 phi
390 1052 651 1150 ludaeorum
670 1087 807 1164 aerae,
829 1081 876 1144 ut
898 1081 1080 1146 nostram
1138 1052 1231 1146 Nec
1283 1053 1395 1144 enim
1439 1087 1585 1144 verum
1627 1079 1689 1144 est
1738 1055 1859 1179 quod
1902 1056 1932 1146 ii

284 1212 459 1296 eruant,
493 1185 680 1310 integros
714 1217 847 1274 annos
882 1206 974 1298 240
1007 1184 1083 1276 ad·
1136 1180 1316 1276 credunt
1348 1181 1702 1311 typographicam
1723 1209 1852 1276 artem
1874 1217 1935 1274 es·

286 1313 409 1426 dere,
442 1311 542 1405 licet
574 1345 711 1404 annus
741 1312 933 1440 judaicus
965 1347 989 1402 a
1022 1347 1082 1406 se·
1132 1345 1180 1404 se
1212 1345 1299 1402 rem
1342 1345 1495 1402 novam
1539 1345 1651 1438 quae
1682 1311 1934 1438 praeceden-

286 1442 472 1570 ptembri
505 1445 704 1566 incipiat,
737 1471 879 1534 noster
900 1476 923 1532 a
941 1444 1082 1566 janua·
1136 1439 1253 1534 tibus
1284 1440 1437 1534 seculis
1480 1473 1570 1532 non
1609 1443 1824 1552 extiterit,
1856 1441 1932 1534 sed

285 1575 379 1678 ri0,
425 1603 473 1662 ac
515 1569 725 1694 prohinde
766 1570 839 1662 ille
888 1600 1079 1664 nostrum
1135 1599 1307 1662 centum
1352 1596 1513 1662 tanturn
1561 1573 1725 1662 circiter
1772 1571 1932 1664 abhinc

286 1729 472 1824 quatuor
518 1701 682 1792 circiter
714 1699 929 1792 mensibus
963 1731 1081 1792 ante·
1136 1703 1281 1807 annis,
1314 1724 1361 1790 ut
1404 1699 1583 1810 dicunt,
1615 1724 1800 1822 reperta·
1843 1702 1934 1824 Ipsi

284 1855 425 1922 vertat
457 1825 512 1919 ab
546 1829 597 1918 iis
623 1833 903 1921 communiter
936 1831 1086 1956 negle·
1140 1862 1245 1921 vero
1297 1830 1490 1920 nesciunt
1546 1859 1627 1920 nec
1684 1827 1934 1954 intelligunt

283 1961 387 2050 ctis.
427 1953 531 2048 Non
561 1957 691 2049 modo
724 1983 863 2050 autem
899 1958 1085 2081 peculia·
1141 1959 1270 2040 nuni
1309 1956 1359 2039 ul
1380 1957 1482 2040 'mur
1511 1981 1596 2036 nnn
1635 1981 1743 2038 mam
1771 1959 1940 2044 nonina

284 2119 351 2178 res
397 2084 799 2214 typographorum,
844 2089 1085 2198 editorum,
1141 2086 1287 2168 num
1322 2113 1404 2186 nno
1443 2107 1553 2172 nunu
1579 2107 1678 2168 ε’)ιυ
1706 2084 1753 2167 ln
1788 2086 1940 2166 natm

285 2213 484 2324 urbium,
510 2214 770 2328 editionum,
787 2243 1003 2310 auctorum
1023 2221 1086 2308 in·
1139 2216 1242 2304 :altu
1268 2213 1582 2343 typographiae
1596 2206 1816 2337 opificium
1844 2210 1940 2336 plu-

285 2342 402 2436 dices
433 2341 488 2435 ad
537 2343 694 2435 calcem
740 2349 924 2470 appositi
956 2373 1084 2456 sunt,
1138 2346 1256 2436 ribus
1288 2344 1446 2435 abhinc
1478 2340 1628 2434 seculis
1660 2366 1704 2433 et
1730 2372 1936 2432 annorum

283 2470 360 2564 sed
407 2499 450 2563 et
503 2475 724 2596 praemissa
779 2474 1083 2599 praeliminaris
1140 2470 1328 2564 millibus
1368 2495 1512 2562 notam
1557 2468 1684 2562 nobis
1727 2465 1855 2560 firisse
1889 2501 1936 2560 ac

284 2599 391 2691 haec
424 2599 683 2708 dissertatio,
712 2603 756 2691 in
778 2635 864 2728 qua
884 2636 993 2726 quae
1012 2603 1084 2694 he·
1140 2599 1230 2693 fere
1270 2602 1474 2692 creationi
1522 2601 1604 2724 ipsi
1650 2595 1798 2688 mundi
1849 2630 1938 2696 esse

284 2725 452 2832 braicae
500 2728 816 2854 typographiae
856 2757 993 2823 ortum
1033 2763 1082 2822 ac
1138 2762 1337 2822 coaevam
1374 2789 1432 2841 „·
1489 2726 1625 2850 Quod
1668 2758 1757 2816 non
1807 2726 1937 2817 video
2002 2725 2004 2730 ’

284 2857 509 2981 primitias,
529 2888 757 2982 earumque
775 2863 1084 2970 oeconomiam,
1139 2891 1265 2985 quam
1298 2856 1537 2949 luculenter
1568 2854 1719 2980 colligi
1749 2881 1939 2946 autumet

280 2987 522 3096 raritatem,
575 2991 906 3109 praestantiam,
958 3021 1078 3080 usum
1137 2989 1232 3095 vir,
1264 2986 1521 3113 judaicarum
1553 2985 1828 3109 caeteroquin
1860 3017 1939 3074 an-

282 3115 534 3238 tespiciunt‚
563 3110 618 3203 ad
647 3113 847 3207 breviora
873 3115 1080 3244 quaedam
1137 3117 1380 3242 tiquitatum
1412 3115 1706 3206 scientissimus
1734 3114 1937 3236 cujusque

268 3244 421 3368 -capita
433 3265 706 3357 revocantur.
722 3240 845 3337 Haec
865 3270 1082 3373 suntquae
1138 3244 1257 3335 docti
1301 3243 1588 3336 commentarii
1642 3242 1698 3334 de
1745 3241 1906 3364 templo
1923 3279 1952 3355 ,·
2069 3303 2072 3310 ,

284 3373 330 3462 in
372 3373 497 3462 novis
530 3370 646 3463 hisce
686 3370 927 3466 Annalibus
959 3407 1080 3500 prae·
1137 3372 1193 3464 de
1225 3369 1397 3479 suffitu,
1415 3371 1471 3463 de
1494 3372 1647 3462 vestitu
1674 3368 1937 3462 sacerdotum

283 3525 466 3610 mamus,
512 3501 590 3624 qui
624 3525 671 3593 ut
712 3503 1080 3628 supradiximus,
1136 3499 1334 3594 hebraice
1361 3533 1407 3591 ac
1435 3500 1573 3592 latine
1606 3497 1792 3626 Ugolini
1825 3493 1942 3591 The·

283 3631 399 3720 aucti
431 3626 539 3720 adeo
571 3657 692 3742 sunt,
717 3635 896 3739 mutati,
938 3665 1081 3726 emen·
1134 3663 1259 3722 sauro
1306 3633 1451 3728 inserti
1493 3643 1616 3741 sunt,
1661 3661 1715 3720 ex
1748 3629 1800 3718 iis
1832 3624 1937 3722 Jobi

280 3755 393 3864 dati,
426 3785 476 3847 ut
509 3757 670 3880 priores
692 3757 843 3852 illian.
866 3757 987 3876 1776
1008 3793 1083 3852 no·
1136 3759 1281 3852 verbis
1314 3791 1388 3854 xrx
1413 3729 1511 3878 l23,
1545 3782 1632 3874 24,
1664 3757 1817 3884 quibus
1849 3789 1937 3848 ser·

280 3911 457 3976 atrorum
489 3882 576 4014 jam
607 3892 821 4016 specimen
843 3887 1081 3984 videantur.
1137 3919 1283 3980 mones
1314 3890 1405 4013 ipse
1437 3920 1535 3980 suos
1556 3889 1603 3978 in
1629 3886 1742 3979 libro
1777 3919 1936 4011 perop-

849 4035 860 4066 '
1136 4044 1200 4109 tat
1230 4017 1399 4142 exculpi
1430 4017 1541 4110 stilo'
1565 4011 1705 4108 ferreo
1728 4045 1777 4109 ac
1799 4013 1936 4140 plum·

606 4077 646 4205 ς’
698 4111 762 4170 Π
1136 4141 1222 4254 b0,
1255 4143 1326 4237 vel
1358 4144 1526 4269 plumbi
1557 4145 1733 4252 lamina,
1765 4169 1936 4234 conten·

310 4249 370 4321 D‘
400 4247 472 4317 '¹⁶⁶‘
498 4254 855 4384 ¹y¹f⁰3⁸f'¹'²'?¹¹³'‘²f
873 4253 1059 4387 ‘singulam
1135 4272 1296 4399 datque
1329 4273 1632 4398 posterioribus
1667 4273 1780 4364 hisce
1813 4304 1938 4362 voca·

434 4359 557 4433 '‘aa“
585 4381 757 4454 ‘mm‘
786 4387 924 4460 ΨΜ·
1134 4401 1250 4494 bulis
1281 4436 1392 4530 quae
1423 4435 1477 4497 ex
1510 4428 1685 4495 accentu
1729 4434 1776 4492 ac
1808 4431 1934 4492 sensu

364 4527 432 4620 Ac
453 4527 509 4620 de
525 4527 749 4624 hebraicae
765 4532 1076 4662 typographiae
1133 4535 1340 4661 conjungi
1390 4534 1525 4645 vult,
1555 4529 1932 4659 typographicam

277 4659 444 4784 origine
476 4682 519 4749 et
546 4661 800 4788 antiquitate
821 4663 1010 4756 notanda
1030 4667 1076 4754 in
1133 4686 1264 4752 artem
1308 4657 1526 4755 manifeste
1584 4661 1737 4751 innui.
1792 4656 1933 4750 Aliud

273 4787 424 4912 primis
454 4813 517 4877 est
563 4791 887 4916 singularissima
933 4791 1077 4885 Abra·
1133 4823 1315 4916 namque
1359 4817 1423 4882 est
1470 4789 1609 4882 ferreo
1657 4789 1758 4882 stilo
1808 4819 1935 4911 super

277 4917 394 5008 hami
438 4915 544 5008 Arici
587 4921 761 5046 opinio,
799 4953 892 5011 eant
931 4917 1076 5030 Jobo,
1130 4917 1344 5044 plumbeis
1371 4919 1529 5012 tabulis
1555 4920 1728 5044 exculpi
1748 4919 1935 5027 litteras,

279 5047 408 5136 immo
442 5045 574 5168 ipsius
607 5047 758 5140 mundi
779 5052 984 5140 creationi
1015 5045 1077 5140 fe·
1134 5047 1254 5174 quod
1295 5053 1624 5176 receptissimum
1656 5047 1771 5173 apud
1805 5069 1935 5137 vete-

277 5205 325 5264 re
359 5205 568 5264 coaevam·
604 5180 824 5270 asserentis
864 5181 910 5268 in
944 5177 1076 5272 Scilte
1134 5211 1200 5268 res
1233 5175 1448 5270 scribendi
1478 5210 1616 5304 genus
1650 5177 1822 5268 videtur
1854 5169 1882 5268 J
1885 5205 1936 5264 0-

279 5299 753 5428 aghibborimfol.183
776 5340 920 5398 verso.
942 5305 1077 5434 „Ego
1135 5304 1214 5398 bus
1246 5306 1511 5432 intelligere,
1544 5306 1664 5400 aliud
1682 5305 1814 5432 longe
1833 5301 1934 5392 cha·

276 5457 446 5543 autem,
489 5431 632 5559 inquit
675 5437 737 5548 is,
777 5434 981 5528 cohibere
1013 5469 1079 5530 me
1135 5449 1313 5528 ractere's
1360 5435 1493 5528 incidi
1534 5432 1796 5562 chalybeos,
1847 5455 1937 5521 tum

278 5591 449 5687 nequeo
474 5565 585 5688 quin
617 5565 771 5658 erroris
803 5595 994 5660 accusem
1018 5597 1080 5658 sa·
1134 5563 1235 5656 cudi
1268 5597 1386 5674 aere,
1406 5597 1460 5656 ex
1481 5567 1614 5657 aereis
1634 5558 1780 5656 formis
1801 5557 1938 5686 plum·
