5222 7090
357 737 758 860 ‘auum'ro
816 735 1259 854 usserman
1318 641 1921 856 uruuuutauats

485 959 492 969 .
641 976 734 1081 AC
773 972 1337 1080 BIBLlOGRAPHlAE
1376 971 1681 1081 CULTORl

815 1635 918 1700 1011.
945 1634 1239 1698 BERNARDUS
1269 1634 1514 1698 DE-ROSSI.

345 1731 842 1998 Constitueram
827 1883 926 2017 jam
955 1875 1151 2020 pridem
1183 1913 1346 1984 novos
1372 1879 1467 1982 hos
1497 1873 1715 1978 Annales
1751 1872 1987 1978 hebraeo-

288 2151 293 2160 ·
341 2021 736 2186 typographicos
774 2053 847 2125 xv
884 2023 1037 2131 seculi
1074 2019 1243 2128 edere.
1280 2023 1376 2127 Sed
1414 2023 1646 2124 diuturna
1686 2053 1741 2122 ac
1779 2019 1990 2122 laborio

342 2201 395 2272 sa
431 2201 680 2271 vanarum
717 2169 778 2271 V
816 2169 877 2273 T.
913 2168 1189 2272 lectionum
1217 2167 1484 2272 collatione
1512 2161 1880 2300 infirmiorique
1907 2197 1990 2266 va·

340 2311 564 2417 letudine
600 2310 899 2452 impeditus,
936 2341 1140 2416 coactus
1179 2345 1289 2414 sum
1327 2311 1439 2414 illos
1477 2313 1540 2412 ad
1576 2309 1706 2411 hanc
1744 2307 1878 2416 diem
1917 2307 1989 2408 di-

342 2451 494 2558 ferre.
532 2455 652 2593 Quo
688 2451 879 2560 factum
916 2485 993 2560 est
1029 2483 1158 2561 utet
1184 2491 1360 2560 eorum
1386 2451 1736 2594 Appendicem
1761 2451 1842 2554 vel
1868 2485 1989 2557 con·

342 2599 675 2702 tinuationem
710 2633 869 2737 usque
906 2601 969 2703 ad
1006 2635 1192 2702 annum
1233 2627 1393 2704 Moxx
1430 2631 1582 2738 quam
1623 2596 1721 2700 illis
1758 2599 1989 2700 subtexe·

343 2777 395 2845 re
433 2743 710 2847 meditabar
745 2775 804 2846 ac
842 2744 1194 2884 promiseram,
1232 2745 1296 2848 ad
1333 2743 1467 2847 aliud
1502 2773 1702 2880 tempus
1739 2742 1985 2845 amande-

341 2919 478 2990 mus.
532 2885 743 3020 Quid''
710 2921 772 2990 us
814 2887 1146 3028 praestiterim
1185 2888 1373 3026 quidve
1411 2885 1534 2988 novi
1572 2883 1760 3005 ferant,
1797 2919 1987 3022 quam-

342 3063 493 3170 quam
529 3030 670 3133 brevi
700 3029 830 3133 infra
867 3030 1200 3153 declaramus,
1241 3066 1346 3136 non
1381 3029 1560 3134 melius
1601 3055 1770 3132 tamen
1808 3028 1990 3134 intelli-

341 3174 392 3315 gi
428 3171 641 3277 arbitror
678 3209 832 3312 quam
869 3176 912 3277 si
950 3173 1271 3281 conferantur
1307 3209 1420 3282 cum
1459 3174 1520 3276 iis
1558 3208 1687 3312 quos
1722 3175 1816 3276 sub
1852 3173 1987 3277 titu-

340 3319 392 3421 lo
429 3317 810 3486 Disquisitionis
846 3317 1124 3424 historico·
1129 3320 1331 3424 criticae
1363 3319 1427 3422 de
1456 3317 1719 3422 hebraicae
1755 3345 1991 3482 typogra-
2103 3437 2109 3460 ἱ

341 3461 490 3602 phiae
527 3461 722 3602 origine
758 3497 816 3566 ac
854 3461 1092 3603 primitiis
1128 3499 1214 3567 seu
1252 3463 1471 3601 antiquis
1506 3495 1565 3564 ac
1603 3461 1867 3565 rarissimis
1903 3461 1988 3566 he·

341 3606 625 3710 braicorum
661 3607 904 3708 librorum
955 3606 1264 3712 editionibus
1308 3607 1462 3711 seculi
1512 3634 1585 3708 xv
1633 3605 1988 3710 novemdecim

339 3749 525 3854 abhinc
574 3750 719 3853 annis
767 3751 847 3856 his
897 3751 1072 3855 iisdem
1112 3753 1262 3918 regiis
1313 3751 1454 3896 typis
1503 3750 1730 3892 vulgavi,
1780 3750 1986 3854 biennio

341 3923 457 4034 post
495 3927 695 4000 recusos
734 3895 998 4060 Erlapgae.
1036 3896 1138 4000 Tot
1175 3897 1311 4000 enim
1347 3897 1593 4000 editiones
1630 3894 1714 3998 hic
1741 3895 1988 4000 accedunt

343 4067 487 4141 antea
523 4038 725 4177 ignotae
761 4069 811 4141 et
851 4039 1099 4159 intactae,
1137 4039 1264 4144 adeo
1301 4069 1519 4161 mutata,
1566 4039 1859 4162 emendata,
1894 4073 1991 4176 au-

342 4207 423 4285 cta
461 4210 577 4284 sunt
614 4181 817 4302 omnia,
853 4213 908 4286 ut
947 4183 1140 4324 priores
1178 4181 1298 4350 illi,
1330 4212 1411 4288 tot
1445 4184 1709 4287 luculentis
1762 4181 1988 4286 fontibus
2146 4220 2148 4226 ’

340 4361 397 4427 ac
434 4326 773 4430 monumentis
811 4327 1033 4466 undique
1071 4327 1369 4465 conquisitis
1406 4356 1644 4467 tantaque
1680 4327 1991 4464 adjumento·

341 4503 449 4571 rum
487 4470 636 4610 copia
673 4471 1031 4610 superstructi,
1074 4471 1340 4576 videantur
1395 4499 1682 4575 nostrorum
1729 4471 1988 4609 specimen

339 4615 583 4718 evasisse.
620 4614 774 4748 Quod
812 4617 853 4716 si
892 4644 1032 4718 tanta
1070 4615 1274 4754 quidem
1308 4615 1617 4758 indulgentia
1654 4649 1713 4720 ac
1752 4615 1990 4754 benigni-

340 4787 443 4861 tate
481 4758 641 4899 opella
679 4759 759 4862 illa
797 4794 825 4862 a
863 4759 1027 4866 doctis
1064 4785 1139 4862 est
1178 4789 1387 4924 excepta
1409 4796 1537 4899 quae
1568 4763 1731 4864 lucem
1760 4793 1862 4862 non
1889 4760 1989 4862 exi·

340 4935 488 5038 guam
527 4897 762 5006 afferebat
800 4901 917 5008 huic
971 4904 1288 5042 provinciae,
1335 4905 1488 5007 rixa
1525 4903 1835 5009 doctioribus
1873 4905 1986 5008 He-

341 5049 607 5148 braeorum
645 5081 702 5150 ac
741 5046 1141 5150 Christianorum
1179 5048 1540 5189 bibliographis
1577 5050 1849 5171 delibatae,
1891 5085 1989 5152 ma·
2131 5067 2139 5074 ’

339 5189 431 5322 jori
486 5192 587 5325 jam
644 5189 946 5295 confidimus
1001 5189 1130 5295 hanc
1179 5188 1287 5294 fore
1336 5192 1679 5333 excipiendam
1734 5226 1860 5329 quae
1909 5207 1985 5296 est

342 5332 499 5440 multo
538 5334 753 5472 plenior,
791 5333 1070 5439 accuratior
1106 5364 1155 5439 et
1201 5336 1510 5440 absolutior.
1566 5335 1672 5440 Etsi
1708 5363 1764 5436 ut
1810 5369 1986 5438 verum

340 5470 524 5598 fatear,
562 5511 618 5580 ea
657 5505 735 5584 est
774 5477 939 5620 operis
977 5478 1103 5580 ratio
1160 5507 1215 5582 ut
1254 5514 1578 5628 quocumque
1613 5477 1815 5601 studio,
1852 5515 1986 5619 qua-
