5146 7094
721 669 1413 742 caussarumna
1823 690 1894 767 ιη

570 903 733 974 XXVI
1098 867 1220 948 parum
1249 837 1308 916 sed
1333 865 1458 946 purum
1477 864 1513 916 et
1535 838 1685 916 solidum
1714 867 1757 918 eo
1786 843 1897 919 conti·

1099 955 1191 1030 neri.
1220 954 1344 1061 Pagina
1373 953 1528 1059 sequenti
1559 955 1680 1060 incipit
1709 978 1800 1030 sacer
1822 979 1898 1031 tex·

331 1071 514 1146 Proverbia
559 1095 632 1143 tum
676 1074 918 1144 Commentario
960 1072 1043 1142 Kar
1100 1090 1176 1157 tus,
1216 1070 1314 1168 cujus
1345 1067 1451 1170 prima
1490 1067 1601 1144 littera
1630 1066 1818 1168 majuscula
1846 1091 1898 1144 est

249 1187 366 1258 renati
394 1190 429 1254 in
456 1184 523 1277 sol.
552 1185 673 1278 absque
701 1206 787 1254 anno
816 1205 848 1253 et
869 1185 966 1267 loco,
985 1183 1044 1253 ted
1099 1201 1134 1255 et
1162 1203 1302 1254 ornata.
1347 1183 1428 1282 Ejus
1458 1179 1632 1256 character
1667 1203 1718 1256 est
1749 1178 1898 1286 quadra·

251 1301 459 1394 Ulyssr'pom
491 1302 576 1367 cirta
604 1321 659 1368 aa.
687 1287 914 1368 mctc'cxcrr·
1102 1316 1156 1390 tus
1186 1289 1382 1398 hispanicus
1402 1289 1690 1369 luculentissimus
1706 1320 1786 1369 cum
1809 1307 1898 1398 puni

334 1406 580 1482 Commentarii
612 1431 731 1480 auctor
760 1429 811 1480 est
840 1409 879 1480 R.
907 1399 1043 1480 Scalbm
1101 1402 1166 1480 ctis
1213 1428 1247 1478 et
1289 1403 1510 1492 accentibus,
1549 1404 1748 1482 rabbinicus
1788 1407 1894 1497 alter,

248 1518 338 1596 filius
368 1489 574 1607 Abraltami,
610 1519 672 1622 qui
710 1516 920 1624 Ulyssipone
949 1517 1046 1590 flore·
1102 1515 1227 1624 pariter
1256 1517 1472 1623 hispanicus,
1501 1517 1722 1624 praefationis
1738 1545 1777 1594 ac
1795 1523 1900 1594 Com·

248 1632 308 1708 bat
338 1655 395 1708 ιιι
423 1629 563 1721 seculo,
591 1657 660 1708 non
691 1654 779 1719 xvr,
806 1655 844 1704 ut
870 1631 917 1704 ait
945 1627 1046 1702 Wol·
1102 1629 1259 1705 mensarii
1287 1631 1346 1734 qui
1378 1627 1531 1735 undique
1560 1630 1657 1706 illum
1687 1631 1899 1717 circumdat,

248 1746 314 1820 lius
343 1767 429 1819 tom.
470 1748 594 1851 lpag.
629 1767 755 1842 ¹03¹·
802 1741 908 1842 Quod
952 1765 1046 1848 pater
1102 1743 1195 1817 idem
1235 1766 1350 1818 autent
1394 1764 1537 1847 uterque
1581 1770 1661 1818 cunr
1704 1743 1897 1821 charactere

249 1881 326 1933 tum
357 1882 402 1932 ex
431 1878 543 1930 nostra
573 1857 638 1931 hac
666 1853 836 1942 editione,
863 1880 951 1961 quae
973 1879 1045 1930 cer·
1102 1854 1324 1932 Pentateuchi
1369 1852 1648 1962 Ulyssiponeusis
1676 1857 1756 1930 anni
1792 1881 1891 1953 1491

249 1969 379 2046 tissime
409 1966 537 2074 prodiit
568 1969 602 2044 in
632 1992 671 2043 ea
700 1967 893 2045 urbecirca
916 1993 1044 2043 annum
1102 1995 1137 2045 et
1165 1968 1268 2044 Isaiae
1296 1994 1336 2042 ac
1365 1970 1530 2048 letemiae
1559 1993 1613 2042 an.
1650 1995 1778 2066 ¹492·
1823 1972 1899 2044 Lit-

255 2106 380 2180 1492,
409 2104 483 2155 tum
513 2104 559 2154 ex
590 2081 697 2186 ipsius
726 2082 918 2188 interpretis
949 2105 1043 2186 prae·
1101 2105 1190 2158 retae
1220 2083 1384 2186 aspiratae
1414 2081 1520 2186 raphe
1546 2080 1801 2188 insigniuntur,
1828 2107 1900 2158 sae·

247 2193 400 2280 satione,
437 2193 471 2269 in
508 2219 578 2297 qua
607 2217 645 2270 ut
680 2219 848 2271 coaevum
887 2217 1045 2270 comme·
1102 2213 1223 2302 pequo
1255 2195 1290 2266 in
1321 2191 1482 2268 ineffabili
1524 2196 1662 2269 nomine
1693 2193 1843 2297 primum
1873 2215 1897 2270 Π

248 2331 361 2381 morat
390 2310 430 2382 R.
459 2305 644 2412 losephunr
675 2306 831 2398 cnivan,
858 2306 1044 2412 qniUlys·
1102 2332 1254 2384 mutatur
1284 2306 1318 2380 in
1359 2327 1403 2391 n,
1432 2329 1470 2381 ιιι
1498 2305 1537 2380 fit
1573 2309 1607 2384 in
1647 2307 1795 2410 antiquis
1823 2306 1897 2382 aliis

249 2420 370 2525 sipoue
400 2442 433 2492 et
463 2418 536 2524 ipse
579 2417 716 2495 vivebat
745 2443 894 2496 exeunte
924 2445 966 2496 eo
994 2449 1045 2497 se·
1102 2417 1340 2502 editionibus,
1378 2441 1479 2522 saepe
1508 2418 1611 2494 etiam
1651 2418 1787 2495 circello
1815 2417 1898 2492 Keri

249 2530 349 2608 culo.
378 2531 486 2630 Quod
515 2557 645 2636 spectat
675 2557 759 2609 vero
787 2532 831 2607 ad
859 2537 1045 2610 Commen-
1104 2534 1157 2610 vel
1197 2531 1289 2608 varia
1329 2527 1489 2604 dictionis
1532 2529 1634 2607 lectio
1674 2529 1895 2638 indigitetur,

247 2648 372 2720 tarium
404 2645 538 2750 ipsum,
568 2645 894 2722 recenserwolfius
925 2670 1045 2721 utan·
1101 2642 1286 2751 aliquando
1326 2644 1360 2719 in
1402 2665 1537 2718 textum
1577 2641 1665 2718 illud
1712 2645 1897 2750 recipitur,

249 2757 415 2861 tiquiores
445 2756 612 2834 editiones
651 2761 818 2834 Veneram
846 2761 879 2834 in
924 2759 1041 2836 Bibliis
1098 2786 1160 2836 nec
1189 2780 1324 2863 semper
1364 2781 1444 2830 cum
1483 2753 1779 2831 Thessalonicensi
1809 2781 1898 2830 cou-

245 2869 342 2945 rabb.
379 2877 481 2966 1518
523 2896 562 2944 ac
607 2870 947 2948 Thessalonicensem
969 2901 1041 2968 ,am
1098 2865 1211 2980 gtu'it,
1248 2872 1347 2971 cnjus
1388 2865 1637 2943 nitidissimum
1677 2867 1896 2943 membrana-

255 3007 384 3078 1522,
426 2978 622 3088 primariam
664 2981 753 3062 hanc
781 3011 928 3064 nostram
958 3013 1039 3062 cum
1098 3009 1197 3059 ceum
1241 2978 1456 3089 possidemus
1502 2979 1704 3086 exemplar.
1749 2983 1895 3056 Constat

247 3096 386 3198 reliquis
414 3094 577 3169 omnibns
621 3095 870 3204 bibliograpbis
901 3098 1043 3207 profun-
1098 3097 1188 3172 foliis
1218 3098 1271 3172 60
1312 3092 1484 3198 impressis
1522 3093 1577 3167 tel
1608 3096 1685 3178 61,
1714 3116 1896 3168 numerato

246 3207 385 3282 dissime
415 3209 595 3314 ignorans,
622 3235 727 3313 quam
756 3238 866 3317 quum
893 3213 1041 3318 primum
1099 3209 1180 3285 albo
1206 3204 1302 3314 quod
1331 3231 1376 3281 ex
1415 3207 1587 3312 signatura
1627 3204 1731 3280 debet
1762 3229 1900 3311 praece·

248 3319 467 3406 deterrimus,
506 3344 550 3394 ert
582 3321 669 3396 binis
705 3325 844 3433 integris
873 3325 1043 3430 exemplis
1098 3322 1200 3408 dere,
1228 3318 1369 3423 solaque
1399 3343 1559 3392 versuum
1590 3343 1722 3392 summa
1752 3315 1898 3422 explicit

249 3459 337 3539 qnae
367 3431 507 3508 feliciter
547 3429 581 3506 in
612 3461 733 3512 manns
772 3462 904 3514 nostras
933 3438 1044 3515 deve-
1101 3459 1241 3520 textus,
1268 3430 1542 3511 Commentarius
1570 3453 1663 3504 vero
1684 3429 1798 3504 verbis
1826 3449 1895 3519 aar

247 3567 392 3636 nerunt,
420 3537 569 3620 brevitet
613 3547 856 3654 descripsimus
886 3552 918 3626 in
944 3549 1044 3627 libel·
1099 3569 1156 3642 ιν)
1184 3565 1241 3628 tat
1268 3567 1358 3622 ⁸³90
1387 3564 1472 3620 tibh
1501 3562 1605 3636 ἶν”ῠι
1634 3563 1743 3618 uonna
1785 3547 1907 3616 Bam«

247 3658 284 3734 lo
314 3663 367 3732 De
397 3657 521 3764 ignotis
550 3659 794 3762 antiquissimis
822 3666 905 3740 sacri
929 3689 1045 3740 textus
1102 3669 1210 3734 dictus
1240 3667 1423 3736 misericors
1451 3666 1510 3753 qui
1537 3683 1598 3732 nos
1618 3662 1754 3758 adjuvit
1775 3657 1817 3728 ab
1838 3661 1902 3728 ini·

248 3769 457 3847 editionibus
497 3793 572 3874 cap.
601 3795 642 3846 ιιι
672 3799 748 3880 pag.
780 3800 824 3872 7.
868 3775 950 3852 Bina
981 3777 1046 3852 alia
1103 3779 1151 3848 rio
1180 3777 1259 3846 lt‘bri
1287 3797 1390 3867 usquc
1419 3793 1522 3842 nunc.

250 3881 403 3958 vidimus
432 3884 561 3955 Romae
591 3885 625 3958 in
666 3884 875 3964 bibliotheca
903 3892 1048 3964 Casana·
1408 3939 1601 4012 XXVII

252 3997 339 4072 tensi
368 4019 408 4070 ac
437 3994 680 4101 propagandae
709 3998 811 4075 fidei·
849 4003 895 4074 Ea
925 3999 1048 4106 incipit
1634 4013 1635 4018 ’

249 4134 269 4182 a
300 4106 509 4213 praefatione
552 4112 592 4182 R.
632 4109 794 4204 Scalbm,
831 4111 920 4186 binis
950 4139 1046 4218 prae·
1189 4111 1436 4184 Pentateuchus
1472 4133 1546 4180 cum
1576 4107 1769 4199 Aptraram
1809 4127 1843 4176 er
1878 4123 1905 4179 ν

250 4219 372 4326 positis
402 4219 530 4308 titulis,
567 4219 676 4298 altero
703 4223 844 4328 quidem
874 4221 957 4304 *bun
985 4249 1046 4301 seu
1104 4223 1338 4317 Magnarum,
1378 4247 1435 4295 stu
1464 4222 1710 4312 Prophetarum
1740 4223 1903 4290 tectiori-

202 4381 206 4396 -
250 4338 509 4408 Proverbiorum
545 4335 750 4444 minoribus
779 4337 874 4445 typis
901 4337 1048 4442 quadra·
1103 4342 1163 4410 bus
1192 4359 1225 4406 et
1252 4343 1356 4409 sacris
1375 4334 1629 4409 ⁴Volrtrrtt'nt'bns
1664 4335 1795 4406 Cantici
1824 4353 1901 4400 can·

251 4445 293 4520 tis
322 4446 381 4551 qui
413 4471 473 4550 per
514 4448 664 4554 singulas
703 4452 843 4557 paginas
868 4451 1048 4527 continua·
1102 4459 1269 4534 tieorum,
1300 4451 1424 4534 Ruth,
1466 4447 1705 4529 Ecclesiasris,
1746 4444 1902 4515 Thrmo·

251 4579 331 4644 tur,
371 4557 557 4660 majoribus
598 4563 707 4638 altero
736 4565 798 4667 qui
827 4567 1049 4638 Commenta·
1104 4587 1176 4633 rum
1211 4585 1243 4633 ιι
1285 4564 1441 4635 Estheris
1478 4567 1549 4633 sinc
1584 4563 1746 4650 punctis,
1788 4562 1821 4626 in
1865 4581 1904 4646 4.

250 4669 342 4744 rium
380 4671 538 4776 respicit,
574 4695 680 4769 nuptu
719 4673 804 4752 *bun
844 4696 910 4764 'inp
955 4698 1049 4753 aaron
1105 4682 1184 4764 maj.
1203 4677 1325 4768 absque
1351 4698 1436 4744 arno
1461 4694 1494 4743 et
1523 4674 1619 4756 loco,
1648 4673 1706 4742 sed
1734 4677 1904 4741 ἱιιιιιιιιιι

251 4803 313 4876 'pbr
341 4803 384 4878 lp
411 4789 671 4862 Commentarius
690 4793 767 4863 libri
792 4794 1045 4864 Proverbiortrm
1103 4789 1202 4861 iscar
1243 4791 1286 4858 ab
1337 4812 1424 4858 anuo
1476 4791 1605 4859 circiter
1643 4797 1821 4854 Mccccxc
1859 4781 1905 4849 ad

252 4901 363 4970 dictur
393 4903 475 4972 Kar
503 4901 639 4988 arnald,
660 4925 718 4976 seu
741 4905 848 4978 catus
871 4926 905 4976 tt
923 4930 1047 4996 purus,
1105 4915 1312 4972 mccccxcv
1336 4907 1534 4992 impressus.

251 5033 402 5111 quorum
443 5009 627 5088 verborum
664 5037 823 5100 sensus‚.
844 5038 879 5088 ut
910 5013 952 5088 ad
983 5019 1048 5088 Ot·
1190 5009 1450 5117 Elegantissime
1493 5005 1602 5083 editio
1657 4999 1905 5108 bibliograpbis

207 5114 212 5128 '
250 5119 593 5220 thonisnliistoriam
635 5123 819 5201 doctorum
854 5124 1047 5227 qniscnico-
1105 5121 1267 5198 omnibus
1291 5148 1405 5199 antea
1442 5120 1644 5226 incognita,
1681 5120 1777 5216 cujus
1819 5115 1907 5186 inte-

250 5257 329 5307 rum
360 5260 437 5342 pag.
476 5262 547 5333 105
582 5237 626 5312 de
655 5238 818 5314 Eliezeris
846 5218 911 5314 filii
936 5237 1051 5318 Jacobi
1107 5237 1320 5342 gerritnum,
1348 5237 1647 5309 membranaceum
1677 5253 1715 5302 ac
1746 5225 1907 5301 nitidissi-

256 5347 596 5437 Coostitutionibus,
624 5348 816 5454 dequibus
840 5376 878 5424 ea
904 5350 1054 5453 primum
1110 5375 1206 5422 mum
1257 5346 1450 5424 Florentiae
1495 5346 1529 5419 in
1578 5339 1785 5416 bibliotheca
1832 5338 1906 5414 divi

251 5455 385 5560 phrasis
415 5459 585 5552 invaluit,
626 5485 722 5538 notat
762 5461 959 5552 Relandus,
1001 5487 1053 5540 est
1113 5461 1223 5535 Marci
1265 5459 1383 5536 deterri
1420 5455 1623 5563 exemplar,
1666 5455 1703 5530 in
1740 5451 1907 5560 Catalogo
