5146 7094
660 759 735 814 122
1078 675 1446 810 Andreas
1501 734 1855 810 Ham-Tre.

657 916 760 988 Extat
788 909 832 987 ad
861 907 988 986 calcem
1029 913 1127 988 Moth
1150 909 1345 1016 interpretis
1373 909 1448 1016 epi·
1501 909 1670 986 columnis
1698 934 1877 995 constant,
1902 906 2082 994 columnae
2111 907 2209 985 lineis
2232 931 2301 1005 55,

655 1025 803 1135 graphe,
838 1025 872 1100 iu
912 1049 980 1128 qua
1011 1047 1150 1099 testatur
1178 1049 1214 1100 se
1245 1023 1353 1127 hujus
1374 1023 1446 1100 exi·
1504 1048 1566 1100 nec
1596 1022 1655 1099 ulli
1693 1022 1850 1114 numeri,
1898 1021 1952 1097 uel
1989 1023 2179 1128 signaturae
2217 1049 2298 1097 con·

655 1142 713 1214 mii
751 1136 829 1214 libri
871 1135 1064 1213 versionem
1109 1135 1292 1212 absolvisse
1334 1149 1448 1214 mense
1504 1135 1720 1244 spiciuntut.
1748 1135 1889 1241 Duplex
1918 1159 1969 1210 est
1997 1133 2191 1222 character,
2220 1163 2297 1210 ma-

654 1251 748 1326 tebet
790 1274 882 1326 anuo
919 1253 1027 1348 4965
1071 1249 1117 1326 ab
1158 1249 1243 1326 orbe
1280 1249 1444 1342 condito,
1504 1256 1558 1355 jot
1611 1275 1683 1356 quo
1725 1251 1917 1326 sectionum
1973 1247 2118 1324 exordia
2162 1253 2294 1324 exarata

655 1360 779 1440 deinde
806 1363 960 1470 sequitur
987 1363 1141 1469 capitum
1171 1388 1305 1440 summa
1334 1389 1374 1440 ac
1395 1389 1448 1440 te·
1503 1387 1603 1450 sont,
1634 1363 1746 1438 minor
1773 1389 1844 1467 quo
1878 1387 2014 1449 textus,
2043 1386 2188 1464 uterque
2212 1389 2296 1466 qua·

653 1477 768 1554 censio
807 1501 853 1552 ex
894 1475 1040 1552 Charisii
1079 1476 1359 1583 interpretatione
1396 1503 1448 1554 te·
1502 1476 1641 1563 dratus,
1681 1499 1717 1552 et
1747 1499 1890 1581 uterque
1934 1473 2175 1580 perfectissime
2203 1472 2294 1550 idem

654 1612 773 1668 tenta.
800 1593 937 1666 Praeter
964 1589 1199 1698 Ungerianum
1226 1588 1310 1666 illud
1331 1615 1449 1666 exem·
1506 1616 1586 1667 cum
1630 1614 1673 1666 eo
1710 1616 1781 1694 quo
1810 1613 1957 1664 excusus
1999 1610 2050 1662 est
2094 1587 2297 1692 praecedens

654 1703 729 1811 plat
772 1729 929 1809 perratae
971 1726 1007 1779 et
1049 1703 1300 1808 antiquissimae
1345 1703 1447 1806 hujus
1506 1701 1723 1782 Maimonidis
1741 1703 1828 1778 libet
1856 1705 1953 1778 Mor'e
1982 1699 2192 1792 nevocltlm,
2214 1728 2293 1776 cum

653 1815 814 1894 editionis
841 1841 881 1892 ac
911 1816 991 1893 bina
1018 1840 1107 1921 quae
1135 1842 1197 1892 nos
1223 1841 1342 1892 sumus
1366 1843 1448 1892 con-
1503 1843 1575 1925 quo
1604 1839 1639 1892 et
1669 1815 1817 1921 reliquae
1859 1838 1961 1892 notae
1989 1838 2207 1923 congruunt,
2236 1814 2297 1890 nisi

653 1933 786 2017 secuti,
814 1951 910 2006 extat
938 1929 1044 2006 etiam
1073 1932 1107 2004 in
1137 1931 1320 2018 Vaticana,
1340 1929 1376 2006 in
1394 1929 1447 2005 bi·
1501 1928 1598 2040 quod
1636 1931 1670 2006 itt
1708 1955 1823 2007 nostro
1862 1928 1930 2006 hoc
1964 1929 2145 2004 Kotzensis
2181 1919 2330 2004 costo?

653 2042 827 2121 bliotheca
865 2041 1128 2151 Propagandae,
1158 2066 1194 2120 et
1223 2041 1450 2152 Seligmania·
1505 2046 1565 2124 des
1594 2043 1759 2120 lineatum
1788 2043 1920 2120 litterae
1947 2040 1989 2117 ad
2021 2039 2194 2146 implenda
2222 2067 2297 2147 spa»

654 2181 719 2231 na.
745 2155 882 2232 Vidiet
903 2157 1204 2232 membranaceum
1232 2161 1305 2260 ejus
1330 2181 1449 2234 exem·
1506 2161 1551 2234 tia
1581 2157 1813 2245 adhibentur,
1850 2181 1939 2264 quae
1979 2155 2013 2230 in
2055 2155 2116 2231 illo
2153 2153 2296 2231 desunt.

653 2268 728 2376 plat
756 2273 927 2347 Bononiae
956 2270 991 2346 ita
1021 2269 1231 2346 bibliotheca
1247 2269 1354 2347 sancti
1372 2269 1446 2346 Sal·
1502 2269 1653 2377 Explicit
1682 2269 1775 2348 hisce
1804 2269 1918 2346 verbis
1946 2287 2046 2360 tarot
2086 2289 2195 2344 sanna
2230 2289 2297 2359 trra

653 2383 799 2459 tatoris.
828 2383 900 2484 Qui
929 2383 1081 2460 enimin
1112 2407 1150 2458 ea
1169 2389 1369 2460 nu'meratut
1384 2410 1445 2460 co-
1503 2408 1559 2484 pttt
1589 2383 1656 2462 etho
1684 2403 1743 2476 pots
1771 2388 1975 2460 Benedictus
2014 2391 2199 2458 mr‘scrt’eors
2239 2392 2298 2480 qur·

651 2493 721 2572 dex
755 2499 860 2598 638,
903 2523 972 2573 non
1003 2519 1052 2572 est
1081 2523 1145 2572 ms.
1174 2496 1235 2573 sed
1265 2497 1447 2604 impressus
1503 2505 1635 2599 adjuvit
1664 2524 1726 2574 tros
1753 2523 1848 2572 rutra
1875 2503 1964 2574 sela.
1996 2501 2214 2595 confortare.
2243 2501 2297 2570 ln·

652 2631 836 2714 nostraque
877 2609 962 2686 ltaec
1013 2607 1142 2700 editio,
1184 2609 1446 2718 corrigendique
1504 2635 1592 2688 tacta
1620 2636 1733 2690 servat
1775 2611 1849 2686 loca
1878 2609 2079 2686 Christianis
2115 2609 2301 2718 opposita,

649 2745 730 2797 suut
760 2717 1037 2799 Montfauconius
1079 2744 1114 2798 et
1143 2720 1235 2799 illius
1263 2721 1447 2799 bibliothe·
1504 2723 1538 2798 iu
1568 2723 1697 2830 quihus
1724 2749 1795 2801 esse
1823 2747 1857 2800 et
1884 2723 2083 2800 Soncinensi
2112 2723 2185 2831 ipsa
2214 2722 2297 2798 anni

649 2861 708 2910 cae
736 2834 892 2944 Catalogi
922 2861 1079 2912 auctores
1107 2834 1166 2941 qui
1197 2861 1262 2942 pro
1290 2863 1354 2912 ms.
1383 2863 1445 2913 ae·-
1511 2840 1611 2934 1488
1644 2837 1699 2914 vel
1747 2837 1848 2938 1489
1892 2838 2113 2946 integriorem
2152 2861 2192 2913 ac
2222 2837 2299 2944 ple·

650 2972 837 3053 cepcruut.
878 2955 932 3023 Iu·
957 2973 1001 3025 eo
1038 2973 1180 3054 quoque
1208 2947 1445 3028 emendandus
1501 2952 1632 3028 olorem
1662 2949 1706 3026 ad
1748 2952 1835 3028 lianc
1871 2951 2059 3028 editionem
2091 2949 2298 3027 obseruaui-

652 3059 931 3138 Montfauconius
973 3063 1006 3136 in
1038 3085 1119 3138 nota
1161 3060 1313 3138 adeum
1343 3062 1443 3140 codi-
1499 3091 1597 3142 mus.
1627 3067 1816 3172 Utramque
1845 3065 2005 3174 ignorans
2034 3062 2204 3156 Wolfius,
2229 3069 2299 3140 Ve-

649 3173 849 3279 cemquod
878 3174 970 3250 dicat
998 3201 1071 3250 esse
1099 3174 1226 3249 librum
1248 3179 1445 3253 R.Samtre-
1501 3203 1617 3254 netam
1667 3204 1719 3254 an.
1772 3203 1874 3277 ¹5²²
1923 3179 2069 3286 primam
2109 3177 2243 3254 esseio
2280 3181 2296 3252 l

651 3284 692 3362 lis
721 3286 920 3364 translatum
950 3311 996 3364 ex
1025 3285 1116 3362 arab.
1145 3288 1180 3362 in
1207 3289 1360 3398 linguam
1383 3288 1445 3366 lte·
1499 3291 1572 3370 tol.
1601 3318 1634 3397 p.
1666 3294 1744 3391 827
1775 3293 1916 3380 statuit,
1956 3290 2016 3370 sed
2058 3315 2198 3368 testatur
2227 3292 2296 3369 vol.

651 3399 822 3488 braicam,
850 3425 959 3504 quum
987 3399 1134 3476 scribere
1165 3401 1354 3478 accuratius
1381 3399 1447 3478 de·
1503 3429 1545 3480 ιιι
1575 3429 1654 3511 pag·
1684 3407 1764 3504 760
1794 3429 1829 3482 se
1858 3403 1960 3480 aliam
1989 3405 2152 3511 deinceps
2174 3399 2296 3481 vidisse

650 3511 780 3588 buisset
810 3511 1029 3592 Maimonidis
1057 3512 1221 3590 libruma
1248 3517 1287 3588 R.
1305 3518 1446 3592 Samue-
1501 3515 1537 3594 in
1567 3515 1775 3594 bibliotheca
1802 3517 2074 3626 Oppenlteimeri
2104 3519 2175 3595 siue
2203 3544 2295 3595 antro

649 3621 682 3700 le
712 3623 930 3700 translatum.
1501 3654 1537 3707 et
1563 3628 1665 3720 loco,
1693 3657 1781 3738 quae
1810 3635 1931 3712 eadem
1972 3660 2053 3710 cum
2087 3631 2154 3707 hac
2183 3657 2296 3708 nostra

989 3799 1113 3873 Vm
1500 3741 1662 3832 videtur,
1689 3745 1847 3852 quamvis
1875 3747 1908 3822 io
1939 3746 2033 3822 edito
2059 3744 2148 3821 illius
2172 3743 2297 3821 biblio·

1500 3857 1634 3934 thecaew
1660 3857 1827 3969 Catalogo
1868 3885 1947 3936 eam
1987 3885 2057 3938 non
2100 3860 2294 3964 reperiam.
2383 3877 2391 3892 ·

733 3970 781 4041 Jt.
822 3967 933 4042 Moris
961 3973 1146 4066 Korqettst's
1175 3971 1276 4043 Liber
1304 3997 1444 4068 magnus
1499 3975 1681 4079 Perpetem
1710 3995 1825 4051 tamen
1855 3972 1904 4049 illi
1942 3972 2126 4049 CPolitana
2156 3968 2297 4048 videba-

645 4103 896 4175 pracceptnrum
940 4088 973 4153 t'n
996 4084 1062 4179 fol.
1092 4107 1185 4156 max.
1210 4090 1279 4156 sitta
1307 4113 1394 4159 anuo
1413 4109 1446 4159 tt
1502 4105 1580 4160 tut.
1616 4089 1752 4163 Praeter
1782 4086 2037 4195 integerrimum
2073 4085 2293 4161 chartaceum

648 4195 746 4278 loco,
775 4217 851 4269 aute
880 4221 933 4266 an.
960 4213 1221 4269 Mccccnffl.
1502 4197 1681 4305 exemplat
1708 4224 1802 4276 extat
1829 4201 1931 4277 etiam
1970 4197 2063 4308 apud
2095 4225 2156 4274 uos
2186 4223 2295 4274 mem·

732 4304 1012 4412 Splendidissima
1031 4335 1073 4384 ac
1096 4308 1255 4416 princeps
1272 4306 1375 4413 hujus
1402 4309 1443 4387 li·
1499 4311 1708 4400 branaceum
1738 4313 1841 4418 hujus
1868 4311 2029 4392 editionis
2049 4315 2294 4422 fragmentum.

648 4413 702 4492 bri
731 4417 860 4509 editio,
898 4445 1004 4524 quam
1032 4447 1100 4498 non
1128 4419 1239 4498 molto
1263 4447 1342 4528 post
1368 4421 1442 4500 edi·
1869 4487 1932 4560 IX

648 4552 719 4603 tam
764 4531 1044 4636 Disquisitiouem
1083 4558 1232 4610 nostram
1272 4534 1316 4610 de
1346 4536 1441 4613 hebr.

649 4664 725 4746 typ.
752 4645 884 4749 origine
911 4643 1106 4724 deterrimus
1123 4670 1159 4722 et
1177 4647 1442 4754 acquisivimus.
1572 4661 1619 4732 R.
1638 4659 1751 4732 Musis
1770 4659 2011 4733 Nachmanr‘dr‘s
2033 4663 2293 4734 Commentarius

648 4756 697 4828 Ea
726 4753 761 4829 iu
792 4754 892 4832 duas·
917 4783 1030 4864 partes
1066 4759 1256 4850 dividitur,
1296 4788 1442 4868 quatum
1501 4773 1536 4839 in
1566 4775 1832 4844 Pentateuchum
1862 4779 1896 4843 r'rt
1922 4774 2206 4868 fol.rrtax.s1'rtt
2236 4799 2295 4844 an·

649 4866 759 4970 prima
786 4865 877 4945 foliis
907 4895 958 4970 99
999 4897 1179 4981 praecepta
1199 4874 1354 4952 continet
1383 4903 1443 4954 tte·
1497 4905 1542 4952 no
1570 4907 1604 4955 ct
1632 4889 1728 4971 loco,
1758 4886 1834 4957 a'rrte
1862 4903 2125 4959 meterem.

649 4978 789 5084 garira,
828 4980 932 5057 altera
978 4981 1038 5061 fol.
1089 5013 1159 5086 ¹75
1201 4985 1442 5068 adfirmativa.
1575 4999 1644 5069 Nec
1673 4996 1922 5082 Battoloccius,
1951 5021 2014 5073 nec
2044 4995 2208 5082 Wollius,
2229 5020 2293 5072 nee

649 5097 737 5168 Sunt
759 5118 841 5201 ergo
870 5094 953 5171 folia
982 5096 1132 5204 integrae
1159 5099 1319 5177 editionis
1343 5131 1441 5202 274,
1498 5103 1588 5181 ullus
1616 5106 1702 5184 alius
1742 5109 2001 5216 bibliographos
2040 5133 2207 5186 memorat
2238 5135 2294 5185 ta-

650 5202 739 5284 binis
768 5209 977 5314 computatis
1004 5208 1090 5286 albis
1117 5239 1207 5320 quae
1235 5214 1278 5290 ad
1307 5243 1442 5292 earum·
1497 5217 1662 5296 rissimam
1691 5247 1731 5298 ae
1760 5223 2024 5329 pulcherrimam
2054 5227 2142 5301 hanc
2170 5223 2295 5300 editio·

649 5316 730 5393 dem
761 5324 909 5426 partium
950 5324 1004 5400 vel
1053 5324 1269 5406 voluminum
1313 5327 1441 5406 calcem
1499 5355 1605 5423 nem,
1649 5339 1746 5437 cujus
1789 5361 1922 5442 praeter
1960 5341 2139 5447 exemplar
2181 5337 2292 5414 tribus

652 5435 888 5538 reperiuntur.
915 5438 1041 5545 Incipit
1068 5439 1141 5517 sine
1170 5439 1244 5516 ullo
1271 5440 1371 5518 titulo
1398 5445 1443 5520 ab
1499 5453 1679 5550 postremis
1716 5449 1805 5527 foliis
1847 5451 2009 5527 mutilum
2053 5449 2149 5559 quod
2194 5475 2294 5526 antea

651 5549 802 5625 ductoris
844 5549 1074 5657 praefatione,
1127 5555 1269 5672 paginae
1309 5553 1442 5636 duabus
1498 5585 1751 5670 compereram,
1780 5564 2037 5674 integerrimum
2066 5567 2161 5643 aliud
2186 5591 2225 5641 ae
2243 5563 2297 5642 lu·
