5222 7090
876 733 1441 812 curararum
1913 763 1964 842 ῃ

192 923 197 938 “
316 919 363 997 sit
380 942 426 1006 ,ι
450 913 603 1024 benigno
624 910 753 988 lectore
773 909 991 1018 suppleatur.
1020 915 1119 986 Prae·
1173 908 1279 988 debet
1322 909 1559 1019 praecedere,
1600 909 1696 1016 quod
1738 911 1773 988 in
1818 935 1967 1020 utroque

319 1055 372 1110 rer
405 1031 488 1106 bina
517 1025 678 1134 exempla
715 1027 869 1132 quaein
900 1050 1022 1101 manus
1051 1050 1119 1100 no·
1174 1025 1384 1133 exemplari,
1414 1023 1510 1132 quod
1541 1051 1603 1102 nos
1631 1025 1722 1102 nacti
1751 1053 1885 1117 sumus,
1907 1030 1968 1107 de·

320 1169 408 1224 stras
451 1141 684 1228 devenerunt,
712 1163 748 1215 er
779 1137 1119 1247 Seligmannianum,
1175 1137 1366 1228 sideratur,
1406 1162 1440 1215 et
1479 1139 1576 1216 deest
1617 1139 1720 1216 eriam
1751 1141 1786 1215 in
1816 1143 1968 1219 Casana-

324 1259 410 1334 olim
432 1252 733 1362 Oppeulteimeri,
752 1252 846 1359 quod
869 1251 1013 1328 Wolfius
1033 1277 1121 1326 con-
1176 1255 1288 1330 teusi·
1316 1249 1371 1329 Ad
1401 1253 1531 1329 calcem
1562 1253 1741 1358 penultimi
1771 1254 1866 1346 folii,
1896 1283 1969 1364 quo

321 1392 506 1478 spexerat,
545 1391 707 1473 quartum
744 1365 814 1446 ridi
845 1367 880 1444 in
909 1364 1120 1444 bibliotheca
1177 1363 1430 1446 pentateuchus
1458 1366 1617 1472 explicit,
1647 1367 1773 1476 legitur

322 1483 470 1594 Collegii
499 1479 669 1560 Rotnani.
1218 1480 1332 1566 mint
1360 1498 1435 1556 rath
1462 1477 1521 1556 hal
1549 1477 1643 1556 rtlrttt
1666 1478 1815 1560 „obrui
1842 1505 1912 1559 carr

623 1657 813 1729 XXXII
1119 1633 1122 1642 ·
1233 1612 1680 1688 ammonebatur
1709 1615 1910 1688 mortuam

1177 1763 1199 1804 „
1228 1709 1360 1786 Finitus
1400 1733 1451 1784 est
1479 1731 1513 1784 et
1542 1706 1749 1797 absolutus,
1790 1709 1863 1787 laus
1892 1715 1968 1786 Deo

401 1827 651 1901 Pentateucltus
670 1836 742 1904 rt’rte
765 1830 998 1921 punctatum
1021 1828 1120 1916 circl-
1288 1822 1431 1902 creatori
1461 1821 1586 1898 seculi.

324 1945 420 2016 deice
461 1945 621 2016 Ottltelost'
649 1945 854 2036 Paraplrtttsl
882 1961 915 2012 er
945 1946 1120 2016 Commeat-
1175 1992 1198 2033 „
1226 1937 1433 2017 Benedictus
1455 1937 1646 2013 misericors
1667 1937 1728 2043 qui
1750 1935 1883 2043 adjuvit
1905 1963 1969 2014 nos

321 2063 408 2129 tarto
437 2059 485 2130 R.
516 2057 704 2131 Salomonis
734 2055 848 2130 Jttrclti
885 2061 919 2128 itt
943 2055 1009 2148 firi.
1038 2061 1117 2126 mitt.
1289 2083 1309 2132 a
1338 2050 1510 2160 principio
1541 2075 1648 2156 usque
1677 2078 1798 2127 uunc.

320 2187 449 2244 taratra
470 2177 504 2240 itt
535 2171 630 2243 Iscdr
656 2172 709 2244 acl
736 2173 832 2244 Iscdr
851 2195 906 2241 aa.
928 2185 1013 2257 cce,
1042 2170 1119 2244 cru.
1251 2171 1333 2246 Tria
1361 2163 1485 2244 deiude
1504 2163 1589 2241 fiilio
1608 2189 1764 2269 separato
1781 2163 1969 2269 subjiciun-

323 2301 521 2358 Mccccxc.
1175 2305 1231 2360 tur
1260 2284 1432 2367 carmina,
1459 2277 1578 2354 omnia
1605 2280 1791 2357 acrostica.
1819 2278 1986 2358 luitiales.

410 2400 448 2469 lu
472 2393 556 2468 folio
576 2393 719 2500 quidem
749 2394 894 2485 minori,
915 2423 984 2472 non
1004 2396 1038 2471 in
1061 2422 1119 2490 4.,
1178 2397 1282 2500 primi
1310 2395 1394 2472 daut
1424 2417 1549 2468 nomen
1580 2393 1797 2485 Salomonis,
1825 2391 1968 2470 secundi

325 2529 364 2582 ut
409 2507 563 2582 scribunt
607 2504 640 2580 le
683 2511 867 2614 Longius,
912 2507 1118 2600 Orlandius‚
1175 2510 1369 2587 Salomonis
1413 2505 1608 2596 Zalmathi,
1648 2509 1738 2584 tertii
1782 2505 1973 2582 Abrahami

326 2619 473 2694 Wollius
501 2643 541 2694 ac
571 2617 790 2696 Maittairius.
819 2624 868 2697 lta
900 2649 1002 2728 porro
1023 2647 1120 2700 com·
1176 2624 1237 2701 filii
1267 2623 1371 2700 lsaaci
1401 2617 1461 2696 filii
1487 2618 1652 2696 Davidis.
1694 2619 1851 2696 Primum
1882 2619 1969 2696 illud

324 2757 441 2839 parata
476 2757 526 2808 est
555 2733 724 2809 rarissima
754 2734 996 2821 ltaec'editio,
1025 2761 1062 2813 ut
1084 2735 1119 2810 in
1177 2763 1304 2812 nomen
1333 2740 1407 2838 ejus
1448 2756 1524 2820 est,
1565 2732 1627 2838 qui
1668 2732 1858 2810 editionem
1899 2736 1970 2810 suis

325 2845 445 2924 medio
475 2843 643 2950 quadrato
672 2847 886 2936 charactere,
924 2849 1118 2955 hispanicae
1173 2848 1372 2957 sumptibus
1409 2847 1627 2952 procuravit,
1667 2845 1819 2922 achina
1851 2843 1970 2953 ptioia

324 2983 360 3038 et
389 2955 524 3036 mediae
564 2957 717 3052 formae,
753 2987 847 3038 sacer
876 2988 990 3039 textus
1018 2962 1119 3039 exhi·
1173 2965 1322 3042 earmina
1360 2960 1590 3067 composuit,
1629 2984 1780 3065 quorum
1822 2959 1969 3036 alterum

322 3073 471 3163 beatur,
500 3073 582 3148 hinc
612 3072 694 3148 iude
726 3100 806 3150 vero
827 3077 1017 3152 minoribus
1035 3103 1119 3182 qua·
1174 3100 1257 3153 octo
1284 3077 1438 3154 versibus
1476 3096 1633 3164 constat,
1662 3071 1808 3150 alterum
1837 3072 1972 3150 duode-

327 3185 433 3262 dratis
472 3185 566 3292 typis
595 3185 782 3264 Cltaldaica
818 3189 1055 3296 Paraphrasis,
1083 3211 1118 3268 et
1177 3191 1266 3277 cim,
1303 3189 1369 3267 sub
1397 3191 1496 3291 cujus
1534 3187 1637 3260 finem
1678 3213 1791 3262 aeram
1820 3213 1860 3263 ac
1890 3213 1971 3294 pro-

326 3299 422 3408 typis
451 3299 810 3404 lrispano-rabbiuicis
838 3302 996 3380 Isaacidis
1017 3307 1121 3380 Corn·
1177 3305 1294 3412 prium
1322 3329 1452 3380 nomeu
1482 3297 1623 3376 uberius
1655 3299 1828 3406 prodidit.

326 3413 531 3491 mentarius.
560 3413 628 3489 Ubi
660 3413 809 3524 integrae
838 3441 958 3494 errant
986 3417 1121 3496 colum·
1346 3413 1453 3496 'mn
1482 3433 1568 3490 Πιιι
1593 3405 1693 3493 'roan
1722 3410 1858 3493 nultra

328 3551 414 3615 uae,
454 3553 548 3603 sacer
587 3550 703 3604 textus
744 3557 890 3639 occupat
931 3532 1037 3610 liueas
1070 3556 1115 3632 35
1412 3539 1466 3606 κ’)
1493 3527 1535 3604 ⁸¹2
1561 3529 1637 3601 *h'tte
1663 3547 1732 3624 *torp
1762 3547 1857 3604 narn

325 3667 366 3718 ac
396 3639 542 3718 totidem
586 3639 765 3730 larcltius,
803 3643 1002 3722 Oukelosus
1038 3671 1121 3722 veto
1177 3667 1307 3739 torpino
1336 3666 1384 3721 'nt
1410 3663 1463 3726 vat
1488 3698 1496 3717 .
1522 3661 1617 3718 truso
1645 3661 1729 3719 'tras
1757 3662 1861 3718 nomn
1890 3665 1972 3720 mar

206 3815 210 3824 .
331 3755 409 3852 58.
453 3755 587 3830 Primae
617 3755 801 3856 cujuslibet
830 3758 908 3835 libri
938 3785 979 3835 ac
1008 3763 1123 3834 Deca-
1180 3755 1569 3851 .·ntrnbth'r1tts’c·t'n
1598 3753 1718 3835 mbct
1754 3775 1819 3850 tsrp
1846 3777 1971 3840 natans

332 3867 403 3975 logi
433 3867 564 3942 litterae
605 3893 684 3941 suut
714 3870 919 3966 majusculae
949 3897 984 3948 er
1012 3899 1123 3948 oma-
1181 3923 1205 3963 „
1235 3871 1402 3946 Absoluta
1415 3896 1466 3948 est
1481 3892 1515 3944 er
1528 3866 1698 3974 completa
1714 3867 1842 3945 isthaec
1863 3870 1973 3946 editio

331 4005 407 4065 rae,
435 3979 568 4084 subque
596 3980 799 4056 eorumdem
832 3984 999 4060 librorum
1021 3986 1125 4061 linem
1181 4034 1207 4076 „
1233 3988 1335 4058 anuo
1364 3989 1470 4081 Surge
1496 3989 1565 4058 lux
1590 4009 1687 4071 mea,
1727 3992 1886 4079 quoniam
1914 4012 1974 4058 νι-

333 4093 469 4201 ligueus
493 4089 635 4198 quidam
656 4117 797 4169 ornatus
819 4095 1024 4203 plerumque
1042 4123 1126 4175 cou·
1296 4104 1365 4184 nit,
1393 4122 1453 4172 seu
1482 4117 1571 4170 cen.

331 4206 497 4314 spicitur,
527 4204 586 4309 qui
629 4204 763 4282 leonem
793 4232 828 4285 et
859 4235 988 4316 equum
1019 4209 1126 4289 veluti
1269 4258 1293 4298 „
1322 4211 1437 4314 lnquit
1479 4207 1608 4284 laetans
1635 4205 1669 4281 iu
1713 4205 1879 4282 effusione
1908 4231 1975 4312 pe-

329 4319 422 4396 inter
451 4343 486 4394 se
517 4341 708 4426 pugnantes
741 4347 993 4426 repraesentat.
1031 4329 1127 4424 Qua·
1184 4317 1305 4397 cuniae
1346 4347 1449 4410 suae,
1479 4345 1514 4396 et
1555 4317 1721 4426 profugus
1749 4347 1782 4396 et
1813 4319 1973 4396 aberrans

331 4431 435 4509 draro
465 4435 573 4516 etiam¹
599 4456 718 4508 ornatu
752 4434 806 4509 vel
835 4462 963 4512 corona
992 4437 1127 4512 claudi·
1184 4433 1310 4510 eloco
1338 4461 1402 4512 suo
1431 4433 1478 4510 oh
1505 4434 1703 4541 religionem
1739 4435 1803 4508 Dei
1835 4458 1975 4538 posses-
2056 4501 2059 4504 .

329 4569 387 4622 rur
420 4569 579 4621 versuum
608 4571 743 4622 summa
772 4548 838 4623 sub
866 4550 969 4624 finem
999 4549 1128 4628 Leviti·
1184 4548 1268 4624 soris
1297 4551 1350 4625 tui
1376 4548 1541 4626 Salomon
1571 4547 1660 4622 filius
1681 4551 1720 4622 R.
1741 4547 1894 4622 Maimon
1918 4545 1974 4622 fel.

329 4659 361 4735 ci
394 4685 434 4734 ac
477 4663 735 4748 Numerorum,
774 4662 808 4736 iu
839 4664 1017 4744 Jatcltiano
1046 4689 1128 4740 vero
1185 4686 1287 4737 mem.
1316 4661 1483 4739 Zalmathi
1506 4716 1545 4750 ,‚.
1574 4664 1747 4737 Posterius
1768 4686 1895 4734 nomen
1921 4685 1974 4736 est

331 4771 594 4848 Commentario
637 4772 828 4851 sectionum
868 4775 1010 4858 exordia
1050 4802 1129 4853 tna-
1183 4777 1474 4882 correctoris'qui
1508 4801 1556 4876 32
1581 4775 1734 4851 versibus
1755 4773 1880 4850 librum
1899 4772 1974 4851 lau·

328 4887 462 4990 juribus
510 4885 605 4992 typis
648 4887 822 4990 quadratis
862 4888 1048 4994 hispanicis
1092 4912 1127 4965 et
1182 4888 1300 4976 davit,
1328 4917 1477 4996 quorum
1520 4887 1711 4966 intermedii
1751 4891 1872 4964 iterum
1902 4915 1976 4963 an·-

326 4997 889 5107 elegantissimisdistinguuntur.
911 5009 1042 5078 Totum
1064 5029 1128 5078 ro-
1183 5029 1267 5078 num
1296 5008 1494 5094 continent,
1532 5031 1572 5082 ac
1601 5027 1775 5112 praeterea
1815 5025 1973 5079 mensem

327 5110 447 5189 lumen
484 5115 562 5208 264
609 5110 688 5188 solia
729 5113 889 5220 impressa
919 5115 1126 5222 complecti·
1182 5139 1218 5192 et
1245 5116 1385 5193 locum.

330 5247 414 5311 tur,
444 5224 503 5301 sed
534 5223 576 5300 ad
607 5224 902 5330 complementum
924 5229 1054 5335 primae
1083 5229 1127 5304 si·
1370 5227 1500 5309 tenses
1527 5251 1602 5308 anm
1629 5249 1685 5323 rtet
1712 5249 1778 5308 sno
1805 5249 1861 5304 tter

327 5363 495 5447 gnaturae
526 5337 619 5413 aliud
656 5337 778 5414 folium
810 5340 865 5417 vel
894 5342 1038 5428 album,
1069 5341 1125 5418 vel
1376 5364 1473 5422 'trama
1501 5363 1579 5420 sm*
1603 5365 1672 5420 arta
1697 5365 1776 5422 retro
1803 5361 1862 5417 nrt

327 5449 423 5557 quod
464 5450 604 5528 titulum
646 5451 854 5557 praeseferat
889 5454 966 5532 libri
996 5457 1126 5530 Gene-
1373 5471 1376 5482 '
1465 5455 1586 5536 ruthe·
1614 5453 1713 5550 apem
1739 5475 1863 5532 rmm·

330 5589 408 5644 scos
436 5561 564 5646 latchii
608 5565 866 5646 Commentario
906 5567 1124 5678 praefixum,
1314 5587 1407 5646 tants
1434 5587 1524 5648 rana
1550 5589 1620 5648 tort
1646 5589 1715 5646 mn
1742 5587 1864 5644 curma
