5146 7094
837 684 1057 772 PARS
1117 691 1405 773 Patrue
1895 693 1939 768 81

301 905 375 969 no,
396 879 449 953 'et
493 871 588 982 quod
619 861 770 962 mireris,
811 869 912 949 etiam
957 875 1089 948 Veneta
1146 893 1338 980 susceptam
1359 891 1395 948 et
1416 863 1591 948 emissam.
1621 869 1727 972 Quod
1750 895 1818 948 non
1841 870 1943 949 unius

304 989 550 1075 Iustinianaea,
576 1013 664 1094 quae
693 1013 774 1065 cum
796 984 935 1092 reliquis
955 985 999 1062 ad
1021 1011 1091 1062 ma·
1148 985 1181 1062 le
1220 986 1369 1095 Longii,
1410 983 1470 1062 sed
1515 983 1698 1063 doctorum
1738 986 1946 1092 quorumvis

304 1129 370 1181 nus
395 1125 468 1187 est,
495 1101 531 1176 in
561 1105 659 1207 cujus
687 1126 777 1178 anno
798 1097 978 1176 referendo
999 1126 1018 1176 a
1039 1098 1094 1175 bi·
1149 1097 1422 1176 Christianorum
1451 1125 1491 1174 ac
1514 1096 1721 1179 ludaeorum
1749 1097 1879 1196 judicio
1910 1121 1946 1176 ιι

302 1214 514 1326 bliographis
541 1215 702 1292 omnibus
738 1213 915 1321 hucusque
942 1236 1093 1291 erratum
1151 1211 1242 1288 sacto
1271 1213 1334 1320 ipsi
1372 1213 1583 1320 opponitur.
1624 1215 1717 1290 Haec
1759 1239 1863 1320 porro
1893 1237 1944 1288 est

302 1356 374 1408 est.
396 1331 468 1430 Qui
489 1354 564 1405 eam
587 1327 775 1404 retulerunt
798 1325 841 1403 ad
854 1353 981 1404 annum
1000 1352 1096 1429 312,
1146 1325 1304 1402 editionis
1331 1325 1441 1402 ratio.
1468 1326 1748 1404 Charactersacri
1764 1349 1882 1402 textus
1904 1351 1945 1402 ac

302 1443 384 1522 Chr.
431 1467 473 1540 15
484 1465 554 1542 52,
593 1465 632 1518 ut
660 1441 857 1518 Ruutorhus
893 1441 1039 1546 aliique,
1067 1437 1089 1515 ii
1147 1439 1361 1548 paraphrasis
1386 1463 1475 1546 quae
1499 1438 1543 1516 ad
1578 1440 1729 1516 exterius
1750 1443 1825 1543 ejus
1859 1437 1947 1516 latus

304 1583 375 1633 non
404 1553 720 1632 animadverterunt
747 1581 876 1632 anuum
895 1555 972 1633 t'utrt
991 1555 1025 1631 iu
1047 1553 1094 1629 ti·
1148 1550 1573 1662 conspicitur,quadrarus
1586 1576 1636 1628 cst
1651 1579 1731 1628 cum
1750 1553 1886 1659 punctis
1907 1578 1943 1640 er

304 1670 382 1747 tulo
410 1667 478 1746 dici
517 1667 718 1758 creationis,
756 1693 794 1745 ut
822 1691 918 1745 notat
947 1673 1094 1776 Wageu·
1150 1669 1372 1760 accentibus,
1402 1665 1461 1743 sed
1492 1667 1549 1743 ille
1573 1670 1707 1771 major,
1727 1665 1784 1743 hic
1807 1666 1947 1754 mittor,

308 1781 447 1871 seilius,
483 1803 519 1860 et
548 1808 620 1859 esse
654 1808 783 1886 5307,
810 1779 871 1858 sed
900 1781 1097 1890 Wageusei·
1155 1808 1299 1890 uterque
1328 1779 1523 1888 hispanicae
1552 1777 1743 1856 formaene
1766 1779 1946 1888 perfectis·

307 1895 375 1974 lius
397 1898 498 2004 ipse,
521 1918 555 1973 et
584 1897 729 1973 Wolfius
756 1895 815 2004 qui
843 1894 1012 2000 judaicam
1043 1919 1097 1970 ae·
1153 1897 1281 1992 simae,
1318 1897 1380 1973 ersi
1416 1892 1548 1970 litterae
1592 1891 1775 1970 nonnullae
1816 1919 1835 1970 a
1866 1894 1950 1968 reli-

304 2035 377 2087 ram
418 2014 453 2086 in
493 2009 711 2089 christianam
751 2009 981 2097 resolventes,
1019 2033 1095 2084 eam
1152 2037 1299 2118 quatum
1330 2007 1541 2118 perfectione
1569 2030 1604 2084 ει
1631 2006 1798 2116 elegantia
1828 2009 1946 2084 rantis·

305 2123 445 2201 faciunt·
470 2124 550 2200 anni
588 2149 714 2224 1547,
752 2149 821 2200 non
850 2120 1098 2201 animadverte·
1153 2151 1215 2234 per
1243 2123 1425 2204 recedant.
1453 2121 1638 2197 Character
1667 2120 1819 2197 Rasciani
1842 2125 1947 2196 Com·

308 2261 387 2314 runt
418 2259 452 2314 et
470 2236 534 2344 ipsi
553 2238 586 2314 in
616 2237 739 2314 eodem
762 2236 864 2314 titulo
887 2234 1011 2314 factam
1029 2233 1098 2311 dici
1155 2236 1312 2317 mensarii
1341 2236 1401 2343 qui
1429 2261 1533 2342 supra
1560 2257 1596 2310 et
1625 2233 1712 2312 infra
1738 2233 1957 2343 disponitur,

307 2347 424 2426 mense
454 2349 700 2444 marchesvtn,
737 2378 809 2458 quo
846 2373 989 2458 coeptus
1027 2370 1098 2423 erat
1156 2377 1206 2429 ειι
1245 2347 1634 2460 hispano-rabbiuicus,
1672 2347 1783 2453 qualis
1825 2349 1858 2422 in
1891 2347 1949 2424 lu-

310 2462 451 2568 quidem
470 2458 538 2568 hm
551 2488 661 2540 novus
682 2463 737 2539 ille
753 2461 958 2564 Jqdaeorum
970 2487 1101 2553 annus,
1157 2467 1271 2542 sitanis
1299 2461 1508 2542 editionibus
1535 2462 1806 2539 constantissime
1845 2459 1947 2536 adhi-

308 2575 367 2652 sed
398 2574 513 2654 adhuc
540 2573 741 2654 decurrebat
769 2599 883 2652 noster
919 2577 1045 2675 1546·
1159 2577 1325 2655 bebatur.
1353 2575 1478 2684 Incipit
1506 2601 1596 2682 opus
1626 2601 1720 2652 versa
1749 2573 1821 2650 folii
1844 2575 1948 2682 pagi-

408 2696 410 2707 '
576 2752 805 2826 XXXVI
826 2751 842 2823 ι
1109 2683 1110 2688 ’
1163 2720 1227 2768 na.
1255 2690 1395 2768 Titulus
1415 2688 1664 2765 Commentarii
1685 2687 1872 2793 majoribus
1892 2689 1949 2763 lit·

1162 2806 1241 2882 teris
1277 2801 1452 2914 quadratis
1492 2803 1710 2892 contexitur,
1749 2799 1876 2908 quibus
1911 2823 1947 2876 et

394 2923 644 2995 Pentateuchus
684 2945 756 2995 tam
785 2921 955 2992 chaldaica
990 2921 1102 2993 Onke-
1157 2943 1295 2996 exarata
1324 2941 1406 2996 sunt
1433 2917 1622 2993 sectionum
1652 2913 1817 3002 exordia,
1839 2913 1950 3019 iisque

309 3038 374 3107 lori
408 3037 614 3128 Paraphrott'
642 3057 675 3106 et
706 3037 947 3110 Commentario
967 3035 1016 3105 R.
1038 3037 1100 3107 Sa·

309 3151 452 3220 Iomanis
482 3151 621 3234 Iacchi,
649 3157 682 3222 r'rt
700 3149 768 3244 sol.
789 3153 867 3219 mitt.
888 3149 941 3217 ael
963 3173 999 3238 4.
1021 3152 1100 3242 maj.

312 3285 332 3332 2
368 3262 445 3333 vall.
479 3263 681 3360 Ulyssr'porte
710 3285 797 3334 anuo
838 3277 944 3344 cell,
975 3261 1101 3335 Christi

312 3391 526 3447 Mccccxcl.

350 3533 358 3550 .
389 3485 641 3572 Celeberrima,
669 3485 899 3592 omniumque
928 3505 1101 3592 quotquot

309 3620 428 3674 extant
471 3623 525 3674 xv
565 3599 670 3676 seculi
709 3600 955 3707 elegantissima
992 3595 1100 3678 editio

308 3737 413 3815 quarn
445 3713 566 3787 merito
605 3711 637 3786 le
676 3714 828 3822 Longius
864 3711 1101 3789 elaboratissi-

310 3851 402 3900 mam
442 3824 715 3931 rarissimamque
756 3824 929 3931 appellat,
959 3826 1102 3902 merito·

308 3962 378 4042 que
407 3934 523 4016 ludaei
564 3963 582 4012 a
612 3962 780 4045 typorum
811 3939 1015 4043 praestantia
1044 3965 1101 4016 at-

313 4051 385 4153 qu'e
414 4075 433 4124 a
461 4049 623 4155 singulari
658 4047 847 4166 ἀκςιςεία,
883 4077 1102 4156 summopere

311 4159 507 4237 celebrant.
544 4165 591 4238 Ea
619 4167 713 4240 enim
742 4161 785 4238 ad
814 4162 975 4271 hispanos
1002 4164 1104 4240 codi-

310 4299 367 4349 ces
396 4299 516 4350 exacta
543 4299 593 4351 est
622 4279 684 4382 qui
704 4277 882 4353 communi
898 4275 1030 4381 judicio
1050 4303 1103 4355 re·

308 4384 410 4493 liquis
449 4387 612 4464 omnibus
642 4389 815 4466 habentur
855 4393 1101 4484 accuratiores,

311 4498 532 4609 perfectaque
564 4501 679 4608 paullo
707 4527 785 4579 aute
808 4501 955 4580 nationis
976 4504 1100 4612 expul-

309 4613 442 4688 sionem
471 4617 516 4692 ab
537 4615 696 4721 Hispanis
717 4645 755 4694 ac
777 4615 947 4694 Lusitanis
968 4618 1101 4725 sapien-

309 4725 401 4803 tibus
428 4727 489 4835 qui
518 4729 553 4804 in
583 4729 732 4806 maxima
761 4755 894 4838 semper
922 4727 1014 4837 apud
1044 4735 1101 4812 Ju-

309 4837 414 4917 daeos
451 4841 705 4918 existimatione
745 4837 907 4920 fuerunt,
942 4847 1103 4942 Quamo-

312 4951 410 5030 brem
440 4955 643 5062 nescioqui
672 4955 819 5033 scribere
848 4961 999 5063 potuerit
1022 4982 1104 5033 ano·

311 5091 441 5173 aymus
468 5067 612 5175 quidam
639 5093 734 5145 sutor
764 5070 853 5145 ultra
872 5067 1047 5174 crepidam
1070 5070 1105 5144 in

312 5180 460 5256 Simonii
502 5180 713 5258 Bibliotheca
754 5183 871 5260 critica
900 5180 967 5258 vol.
998 5206 1040 5257 ιιι
1069 5209 1105 5288 p

313 5319 420 5390 451,
458 5292 649 5372 editionem
678 5294 767 5372 hauc
806 5321 873 5371 non
911 5318 982 5370 csse
1020 5319 1107 5370 eua-

312 5428 405 5482 ctam
425 5431 487 5483 nec
506 5407 744 5484 characterum
774 5409 884 5484 nitore
912 5405 1105 5483 aestimabi-

312 5516 403 5614 lem,
440 5520 502 5600 sed
542 5521 578 5597 in
609 5519 704 5630 vulgi
746 5521 889 5634 gratiam
927 5520 1000 5598 sine
1024 5546 1114 5598 cura-

1156 3036 1299 3136 majores
1337 3030 1462 3137 adhuc,
1489 3053 1568 3106 sunt
1605 3049 1639 3104 ct
1667 3052 1806 3104 ornatae
1849 3025 1951 3104 binae

1157 3145 1288 3224 litterae
1327 3171 1414 3253 quae
1443 3143 1549 3219 Mosis
1588 3165 1723 3218 textum
1763 3165 1799 3218 et
1829 3166 1953 3248 targu-

1156 3261 1286 3336 micum
1325 3257 1510 3336 inchoant.
1551 3260 1661 3363 Supra
1690 3279 1789 3331 extat
1829 3254 1951 3358 titulus

1159 3375 1340 3462 sectionis,
1368 3373 1430 3478 qui
1452 3367 1683 3478 persingulas
1707 3369 1846 3476 paginas
1867 3391 1951 3442 cou-

1160 3489 1310 3578 tinetur,
1332 3485 1419 3562 infra
1440 3485 1654 3593 signaturae.
1681 3486 1873 3560 Consuetae
1895 3479 1953 3558 lit·

1159 3625 1250 3679 terae
1290 3600 1419 3678 habent
1457 3595 1565 3706 raphe
1594 3623 1698 3705 supra
1727 3621 1952 3703 expressum,

1158 3741 1314 3823 quaeque
1342 3710 1475 3790 dilatari
1503 3709 1636 3802 solent,
1674 3735 1775 3817 saepe
1804 3708 1876 3784 sive
1906 3706 1952 3784 ad

1158 3831 1418 3918 necessitatem,
1459 3825 1531 3904 sive
1568 3822 1612 3900 ad
1656 3846 1870 3901 venustatem
1899 3821 1954 3897 di·

1158 3940 1329 4027 latantur,
1357 3939 1495 4044 hocque
1524 3935 1719 4046 singulare,
1747 3934 1843 4043 quod
1866 3935 1954 4012 inter

1160 4079 1218 4129 eas
1246 4052 1362 4128 locum
1393 4051 1522 4128 habent
1551 4071 1659 4142 3,·1,
1688 4075 1734 4138 rr,
1755 4076 1842 4157 quae
1866 4075 1955 4126 nun·

1159 4191 1265 4271 quam
1288 4163 1344 4244 vel
1365 4163 1531 4240 rarissime
1552 4161 1824 4271 protrahuntur,
1844 4157 1862 4235 h
1884 4186 1955 4236 non

1158 4278 1308 4366 habeat,
1336 4275 1432 4383 quod
1462 4273 1657 4383 saepissime
1688 4297 1886 4382 usurpatur.

1234 4391 1382 4468 Duobus
1397 4387 1631 4468 voluminibus
1648 4387 1836 4466 absolvitur
1849 4413 1956 4494 opus,

1158 4530 1309 4612 quorum
1354 4505 1506 4611 primum
1537 4499 1701 4581 Genesim
1730 4526 1765 4578 et
1793 4499 1956 4577 Exodum

1160 4618 1252 4695 foliis
1284 4622 1361 4694 216
1393 4615 1657 4721 complectitur,
1696 4640 1876 4695 numerato
1907 4611 1957 4690 al·

1161 4730 1209 4806 bo
1237 4729 1333 4838 quod
1374 4753 1425 4806 est
1453 4729 1519 4806 sub
1563 4729 1668 4804 finem
1700 4730 1820 4835 prioris
1852 4726 1959 4819 libri,

1163 4843 1309 4922 alterum
1339 4843 1429 4920 foliis
1460 4869 1539 4940 ²40
1569 4841 1719 4948 reliquos
1746 4842 1872 4919 libros.
1902 4839 1959 4916 Ad

1163 4959 1293 5036 calcem
1334 4953 1437 5065 primi
1487 4957 1704 5064 reperiuntur
1751 4953 1958 5063 Tosaphhtlt

1164 5097 1224 5148 seu
1271 5070 1447 5147 chaldaica
1487 5067 1659 5175 quaedam
1688 5066 1958 5157 Additamenta,

1165 5182 1209 5259 ad
1238 5182 1368 5262 calcem
1399 5208 1483 5260 vero
1511 5182 1652 5260 secundi
1680 5208 1814 5258 summa
1843 5207 1960 5257 maso-

1165 5296 1270 5373 tetica
1300 5321 1462 5373 versuum
1488 5300 1656 5400 cujusque
1684 5293 1794 5383 libri,
1830 5319 1870 5370 ac
1900 5321 1960 5400 pa-

1161 5407 1242 5518 gina
1271 5410 1425 5516 sequenti
1456 5406 1590 5514 prolixa
1625 5410 1672 5508 38
1705 5433 1866 5484 versuum
1886 5409 1960 5515 epi-

1162 5520 1316 5630 graphe,
1356 5522 1391 5596 in
1430 5545 1500 5628 qua
1540 5519 1607 5598 sub
1647 5518 1800 5598 medium
1830 5517 1958 5598 dicitur

1738 5681 1771 5722 11
