5146 7094
769 736 1458 822 PARSSECUNDA
1865 771 1934 824 tn

640 979 737 1056 VH
1146 918 1236 1000 Illud
1264 945 1396 1000 certum
1439 945 1514 998 cam
1557 918 1593 996 in
1621 921 1870 1052 antiquioribus
1898 949 1939 1001 ac

1146 1035 1265 1142 primis
1294 1033 1490 1143 ponendam
1520 1059 1590 1110 esse
1616 1058 1718 1140 atque
1739 1035 1773 1112 in
1793 1035 1833 1112 iis
1850 1061 1939 1144 quae

377 1151 425 1222 R.
455 1150 566 1223 Motis
605 1149 825 1224 Maimonr'dr's
859 1149 960 1222 Morl
987 1173 1090 1222 aevo·
1146 1175 1276 1226 annum
1326 1151 1429 1276 148o
1474 1172 1747 1252 praecesserunt.
1792 1154 1831 1224 In
1870 1177 1938 1255 qua

290 1260 380 1332 clim
408 1288 466 1336 seu
506 1265 644 1336 Docror
676 1266 912 1358 perplexorum
950 1266 1089 1338 exire·
1146 1261 1374 1342 sententiares
1403 1259 1606 1367 isfuitqui
1635 1261 1941 1391 Ungerianpnrrn·

288 1375 399 1446 brar'ca
428 1379 478 1450 R.
508 1379 674 1451 Samuelis
720 1378 917 1450 Tibborrt'dis
945 1383 1089 1450 versione
1145 1373 1258 1453 dicem
1303 1371 1501 1451 contexuit.
1546 1376 1706 1449 Locus
1697 1375 1940 1454 rncertissimus

290 1493 325 1558 ia
351 1489 418 1583 sol.
448 1493 527 1561 ιιιίιι.
555 1490 677 1586 absque
712 1514 799 1563 auro
826 1509 861 1560 er
887 1491 983 1576 loco,
1012 1514 1089 1563 aare
1146 1512 1219 1578 est,
1259 1511 1363 1594 atque
1390 1512 1457 1596 ego
1493 1483 1636 1590 quidem
1665 1483 1736 1563 illic
1767 1490 1941 1568 verosimi-

289 1625 343 1673 aa.
369 1617 633 1675 mcccclxxx.
1146 1599 1251 1680 lius
1243 1627 1446 1708 tmptessum
1474 1597 1602 1675 librum
1630 1598 1859 1691 crediderim,
1880 1603 1941 1679 ubi

376 1715 539 1818 Aequum
579 1737 660 1790 sane
689 1733 762 1788 erat
791 1732 830 1788 nt
859 1711 992 1790 celebre
1022 1710 1089 1790 hoc
1148 1713 1349 1822 prodierunt
1389 1711 1556 1802 editiones
1597 1738 1686 1816 quae
1726 1739 1940 1844 sequuntur,

293 1823 515 1902 Maimonidis
559 1852 649 1934 opus
691 1821 787 1932 quod
831 1827 879 1904 ob
916 1853 1087 1904 summam
1146 1827 1352 1934 quadratae.
1391 1823 1520 1905 Eadem
1552 1824 1709 1902 omniunt
1730 1828 1835 1918 ratio,
1866 1853 1941 1906 orn-

292 1935 482 2016 utilitatem
513 1965 554 2016 ae
583 1939 824 2047 praestantiam
855 1963 908 2016 rot
928 1938 1089 2018 laudibus
1146 1969 1205 2019 nes
1234 1943 1304 2018 sine
1332 1966 1422 2018 anno
1450 1961 1485 2016 et
1524 1936 1603 2015 loco
1632 1963 1831 2070 expressae,
1859 1967 1941 2016 ont-

292 2049 464 2129 celehrare
508 2074 675 2160 tantoque
710 2050 827 2129 studio
863 2077 996 2131 vertere
1025 2079 1089 2164 ag·
1144 2082 1206 2135 nes
1233 2056 1429 2132 charactere
1455 2049 1642 2182 quadrato,
1673 2053 1734 2159 qui
1763 2053 1939 2130 innostra

291 2168 395 2295 gressi
424 2190 503 2242 sunt
543 2167 773 2246 Christiani
764 2165 853 2272 rpsi‚
891 2167 1089 2296 imprimere
1147 2169 1212 2246 hac
1240 2196 1280 2246 ac
1318 2167 1498 2244 Kotzensis
1537 2165 1641 2242 Libro
1678 2189 1939 2304 praeceptorum

288 2279 391 2354 etiam
438 2276 704 2388 aggrederentur
751 2279 869 2360 ludaei
905 2281 1023 2358 sub
1013 2308 1087 2388 rpsa
1143 2306 1194 2360 est
1237 2283 1387 2390 perfecte
1418 2277 1581 2365 idern,
1571 2305 1606 2357 ru
1648 2277 1789 2386 reliquis
1830 2288 1939 2387 major

290 2389 469 2470 hebraicae
498 2392 748 2502 typographiae
791 2391 994 2498 primordia.
1036 2402 1088 2472 Ac
1141 2394 1310 2502 quidem,
1348 2392 1407 2473 sed
1450 2391 1603 2498 eiusdem
1645 2390 1744 2498 plane
1786 2395 1939 2484 formae,

288 2503 480 2582 luculenter
520 2505 555 2580 id
585 2504 726 2612 quidem
758 2505 884 2583 factum
923 2533 974 2586 est
1003 2509 1087 2586 cha-
1146 2535 1183 2585 ut
1222 2506 1452 2586 dubitandum
1506 2532 1574 2582 non
1632 2503 1814 2596 rideatur,
1856 2509 1940 2614 quin

287 2643 414 2695 ractere
444 2618 611 2725 quadrato
640 2617 699 2694 sed
727 2619 857 2726 absque
887 2617 956 2697 ulla
984 2623 1086 2710 armi,
1143 2621 1292 2699 eundem
1323 2620 1472 2699 habeant
1494 2619 1682 2712 artificem,
1702 2646 1940 2698 communem·

284 2729 372 2821 loct,
390 2731 602 2841 typographi
623 2730 856 2810 indicatione.
877 2732 991 2812 Editio
1014 2763 1082 2811 uon
1141 2761 1210 2864 que
1249 2734 1507 2846 typographum
1548 2759 1588 2810 ac
1626 2731 1769 2810 locunt.
1809 2734 1939 2812 Eadem

284 2845 403 2920 estin
443 2876 503 2942 4.‚
545 2869 582 2923 ιιι
612 2847 729 2922 asserir
771 2846 1025 2937 Bartoioccius
1054 2849 1085 2926 le
1142 2849 1177 2926 irr
1207 2847 1368 2927 omnibus
1395 2846 1513 2924 charta
1534 2844 1743 2951 idemque
1717 2873 1855 2956 signum
1878 2875 1941 2924 an·

286 2959 438 3067 Longius
467 2983 595 3066 eosque
624 2984 763 3037 secutus
792 2957 938 3037 Wolfius
964 2986 1048 3040 tom.
1070 2967 1085 3038 1
1144 2963 1271 3040 eborae
1299 2960 1426 3040 circulo
1454 2983 1656 3036 contentae.

285 3099 321 3178 p.
355 3075 461 3170 856,
497 3072 597 3148 sed
588 3099 621 3150 ut
652 3073 713 3150 fol.
742 3076 896 3162 minore,
926 3099 963 3150 ut
993 3075 1085 3152 idem
1230 3075 1324 3154 ab
1315 3076 1508 3180 ruterpretis
1537 3077 1577 3148 R.
1608 3069 1776 3148 Samuelis
1803 3069 1865 3148 lilii
1888 3078 1940 3156 Je-

287 3186 433 3263 Wolfius
461 3187 577 3262 statuit
607 3209 690 3263 tom.
732 3213 772 3264 ιιι
815 3214 851 3293 p.
890 3190 996 3285 780,
1025 3188 1086 3266 ubi
1145 3186 1258 3267 budae
1288 3189 1355 3268 beu
1395 3187 1536 3264 Tibbon
1578 3185 1785 3292 praefatione
1822 3209 1939 3263 nostra

289 3325 332 3375 err
362 3299 553 3408 exemplari
591 3299 687 3405 quod
715 3325 761 3376 ert
801 3301 930 3408 Ungeri
962 3299 1086 3377 biblio-
1143 3299 1229 3378 haec
1247 3300 1504 3409 incipit‚quus
1524 3300 1634 3406 prima
1655 3297 1788 3391 dictio,
1816 3325 1939 3404 quem-

289 3411 390 3489 theca
421 3437 620 3521 acceperat,
648 3413 894 3492 accuratiorem
916 3413 1006 3490 illius
1027 3413 1086 3490 dc·
1142 3411 1334 3492 admodum
1372 3435 1407 3490 et
1457 3413 1613 3518 capitum
1657 3437 1697 3488 ac
1746 3410 1940 3490 sectionum

288 3525 509 3631 scriptionem
531 3525 745 3634 suppeditat.
761 3528 828 3606 Cui
848 3552 951 3636 porro
969 3553 1087 3605 exem·
1142 3526 1305 3618 exordia,
1335 3525 1524 3630 majoribus
1564 3524 1762 3630 sedfaeque
1791 3524 1939 3632 antiquis

288 3639 375 3746 plari
421 3639 513 3714 haud
557 3639 712 3748 intelligo
751 3668 858 3746 quare
902 3640 1087 3772 Catalogrrs
1143 3667 1184 3717 ac
1223 3640 1366 3718 rudibus
1406 3641 1502 3748 typis
1538 3637 1768 3716 exhibentur.
1808 3638 1939 3716 Eadem

288 3753 380 3828 illius
427 3751 654 3828 bibliothecae
695 3779 824 3831 annum
870 3757 1085 3832 constituerit
1144 3777 1366 3860 utrarumque
1395 3751 1584 3830 litterarum
1628 3751 1798 3841 forma‚'
1788 3777 1822 3826 m
1852 3779 1939 3830 non·

189 3895 195 3906 ·
296 3867 425 3963 1476
466 3887 505 3940 ut
541 3864 685 3940 Wolfius
716 3889 880 3956 testatur,
907 3868 967 3972 qui
998 3893 1088 3944 recte
1144 3866 1248 3944 nullis
1293 3863 1486 3975 paullulum
1525 3869 1717 3944 acuminata
1757 3891 1796 3940 ac
1824 3867 1939 3943 senti-

286 3976 530 4056 animadvertit
575 3976 710 4052 nullum
750 4004 888 4084 prorsus
926 3983 1002 4082 ejus
1039 3979 1087 4054 tei
1142 3979 1362 4084 germanica,
1389 3978 1576 4087 generatim
1618 4003 1733 4054 tamen
1770 3979 1939 4058 accedens

287 4114 535 4198 argumentum
577 4113 623 4166 ert
653 4088 880 4166 volumine
870 4116 945 4196 rpso
972 4089 1088 4198 colligi
1144 4090 1188 4166 ad
1231 4091 1467 4169 intermediam
1510 4089 1604 4167 illam
1644 4117 1713 4198 qua
1754 4093 1941 4223 conscripti

287 4230 408 4312 posse.
441 4200 566 4282 Nescio
593 4201 697 4280 ctiam
722 4227 783 4308 qur
774 4202 998 4280 'litterarum
1019 4202 1089 4278 for·
1143 4228 1224 4280 sunt
1251 4203 1388 4280 codices
1427 4201 1654 4310 antiquiores.
1696 4203 1862 4311 Pagina'
1852 4231 1938 4281 rnre·

288 4343 366 4396 mae
406 4315 701 4394 Thessalonicam.
726 4314 850 4393 referre
890 4318 982 4395 visae
1020 4315 1088 4394 sint
1143 4342 1225 4424 gra,
1253 4317 1363 4394 lineae
1397 4320 1465 4418 36,
1492 4315 1572 4394 folia
1608 4341 1706 4414 ¹54·
1735 4316 1828 4394 Nulli
1858 4317 1939 4395 titu-

288 4429 440 4508 Wolsro.
483 4433 634 4506 Ertatne
678 4426 769 4506 nllus
810 4427 896 4507 liber
937 4453 981 4518 eo
1007 4429 1088 4507 cha·
1142 4426 1195 4520 li,
1223 4431 1377 4518 numeri,
1413 4433 1625 4538 signatum,
1660 4426 1842 4522 custodes,
1875 4455 1938 4508 nec

285 4568 458 4623 racterum
488 4569 612 4652 genere
643 4543 911 4621 Thessalonicae
947 4544 1089 4651 impres·
1144 4542 1311 4623 linearum
1341 4542 1483 4651 quidem
1513 4545 1574 4650 qui
1604 4541 1645 4618 ad
1676 4540 1852 4649 implenda
1879 4569 1938 4620 aa·

290 4654 375 4736 sus?
417 4665 531 4736 lmmo
560 4683 642 4735 vero
681 4679 776 4734 extat
812 4683 856 4734 ne
883 4656 970 4734 liber
1000 4657 1089 4734 ullus
1143 4683 1206 4733 cua
1234 4655 1459 4735 adhibentur.
1497 4657 1588 4733 Hinc
1616 4680 1684 4732 nott
1714 4683 1756 4733 ea
1785 4681 1938 4736 servatur
2028 4706 2031 4714 ,

286 4769 449 4849 hebraice
479 4768 549 4848 illic
579 4772 763 4877 impressus
792 4795 847 4846 xv
876 4771 1012 4858 seculo,
1043 4771 1086 4846 ad
1144 4771 1178 4846 in
1222 4771 1262 4848 iis
1300 4795 1408 4876 aequa
1449 4795 1510 4848 seu
1548 4769 1695 4879 perfecta
1737 4773 1934 4878 proportio,

285 4885 385 4994 qnod
417 4905 534 4962 noster
563 4885 620 4962 hic
649 4908 699 4962 est
729 4885 920 4961 necessario
942 4886 1088 4961 referen·
1143 4909 1232 4988 quae
1262 4883 1296 4958 in
1325 4885 1548 4991 sequentibus
1576 4885 1802 4992 conspicitur.
1829 4889 1940 4992 Supe-

288 4999 379 5078 dus?
407 5001 551 5075 Constat
571 4999 652 5076 hinc
669 5024 774 5104 quam
806 4998 978 5076 immerito
1008 5003 1089 5074 Pto·
1146 4996 1227 5074 riori
1266 5021 1397 5104 puncto
1435 4996 1637 5075 indicantur
1678 4997 1939 5077 abbreviaturas

292 5139 373 5221 sper
400 5110 629 5190 Marchandus
657 5113 786 5220 Ungeri
804 5139 843 5188 ac
864 5113 980 5192 Wolfii
1007 5137 1089 5189 con·
1146 5111 1201 5186 vel
1232 5137 1356 5187 cocum
1396 5112 1626 5218 compendia,
1663 5113 1722 5188 sed
1752 5111 1862 5212 nullo·
1878 5137 1940 5218 pe·

291 5231 440 5332 jecturas
483 5251 619 5304 secutus
659 5251 893 5333 corruptoque
935 5225 1089 5333 Catalogi
1145 5221 1322 5302 tiodorum
1351 5223 1525 5302 distinctio
1552 5253 1592 5302 ac
1620 5224 1717 5300 finis.
1761 5221 1939 5302 lneffabile

293 5364 404 5468 aprro,
431 5337 619 5418 editionem
648 5339 736 5417 hatte
764 5365 881 5418 revera
909 5339 1090 5417 Thessalo·
1146 5336 1409 5416 nomenmodo
1447 5364 1507 5444 per
1543 5359 1590 5426 ιι,
1618 5335 1724 5412 modo
1753 5356 1851 5442 per
1875 5361 1939 5411 err·

289 5453 386 5528 nicae
414 5477 505 5529 anno
540 5478 641 5552 ¹479
682 5455 868 5560 perlectam
898 5475 1021 5530 statuat
1049 5451 1085 5525 iu
1145 5452 1305 5557 primitur
1332 5475 1462 5558 puncto
1490 5473 1669 5539 notarunt,
1689 5471 1859 5556 saepeque
1880 5475 1939 5525 oc·

292 5569 381 5644 Hist
409 5563 456 5651 de
482 5564 568 5686 orig
597 5587 673 5685 ιιι).
701 5593 799 5646 trum
827 5591 920 5648 ιιιιιι
950 5592 984 5675 p.
1013 5591 1087 5666 72.
1146 5565 1252 5646 currit
1281 5588 1465 5643 consuetus
1491 5589 1603 5642 nexus
1622 5560 1727 5670 aleph
1748 5588 1783 5640 et
1804 5559 1938 5642 lamed.

1658 5703 1694 5763 re
