5222 7090
679 769 756 827 Vnt
1095 750 1455 828 DISSERTATIO
1483 749 1915 828 PRAELIMINARIS

670 927 777 1016 beos
810 918 958 1034 fundi,
986 955 1040 1014 ex
1068 925 1205 1047 iisque
1224 919 1349 1036 fusis,
1368 956 1470 1014 con·
1518 923 1668 1048 phum
1693 918 1952 1050 Scaligerum
1974 920 2074 1014 heb.
2096 918 2319 1017 Gramma-

672 1059 818 1156 nexis,
843 1078 1076 1159 atramento
1096 1051 1296 1144 obductis
1324 1086 1469 1177 super·
1525 1054 1650 1142 ticam
1684 1047 1742 1142 R.
1776 1049 1914 1146 Mosis
1948 1049 2341 1148 Kimchihabuis··

673 1187 813 1309 posita
844 1182 988 1272 charta
1032 1182 1105 1272 vel
1145 1180 1384 1274 membrana
1415 1182 1470 1272 li·
1526 1213 1570 1272 se
1604 1183 1650 1269 in
1683 1177 1826 1271 Sicilia
1858 1183 2100 1307 impressam
2134 1212 2232 1277 ante
2252 1219 2323 1276 an·

674 1315 775 1404 bros
807 1313 1012 1434 imprimi,
1047 1313 1213 1436 inquo
1253 1338 1389 1402 totum
1422 1309 1472 1400 il·
1525 1343 1602 1400 nos
1634 1337 1803 1401 centum
1835 1313 2149 1436 quinquaginta
2183 1313 2320 1414 duos,

673 1441 750 1531 lud
783 1442 908 1533 situm
942 1465 1005 1530 est
1038 1440 1350 1568 typographiae
1371 1441 1471 1530 arti·
1526 1470 1640 1528 anno
1672 1437 1832 1530 scilicet
1870 1439 2018 1556 1461.
2060 1439 2223 1532 Etenim
2256 1444 2323 1565 ip·

675 1567 820 1662 ficium
862 1567 980 1693 quod
1029 1573 1218 1661 omnium·
1264 1572 1387 1695 primi
1421 1570 1471 1661 in
1527 1570 1730 1659 sissinium
1772 1566 1975 1694 Scaligeri
2016 1569 2229 1695 exemplar
2262 1603 2327 1660 re-

676 1695 848 1823 Europa
881 1701 1136 1787 invenerunt
1167 1697 1240 1788 vel
1270 1725 1383 1790 certe
1404 1696 1473 1788 ad·
1528 1699 1689 1820 peritur
1723 1698 1767 1786 in
1801 1695 2063 1789 bibliotheca
2092 1695 2328 1824 Lugdunu-

675 1827 909 1918 hibuerunt
931 1820 1109 1917 Faustus
1130 1852 1173 1918 et
1193 1823 1473 1917 Guttember-
1529 1824 1706 1932 batava,
1739 1822 1992 1951 diciturque
2016 1825 2209 1918 inedito
2235 1833 2328 1955 ejus

676 1961 793 2082 gius.
825 1951 940 2044 Huc·
962 1958 1008 2043 in
1041 1958 1311 2080 impressione
1337 1957 1476 2081 'potis-
1531 1949 1743 2081 Catalogo
1775 2021 1804 2062 „
1833 1955 1967 2046 editio
1987 1956 2112 2047 tertia
2132 1954 2326 2051 Ortonae

678 2089 824 2174 simum
877 2085 1094 2193 consistit,
1144 2085 1474 2177 vetustissimum
1532 2082 1578 2171 in
1609 2079 1753 2174 Sicilia
1794 2107 1983 2210 tempore
2016 2081 2164 2176 Caroli
2195 2089 2329 2215 impe-

679 2212 791 2304 illud
824 2215 870 2301 in
912 2212 1002 2302 sola
1038 2237 1140 2313 ΠΡῬΠ
1181 2245 1254 2320 seu
1290 2212 1478 2341 sculptu·
1534 2215 1681 2302 ratoris
1721 2275 1776 2320 „.
1826 2211 1997 2338 Ergone
2040 2245 2156 2305 anno
2206 2215 2323 2332 1461

677 2373 748 2450 ra,
768 2366 816 2434 ut
836 2337 1082 2466 lobusipse
1102 2341 1314 2468 designat.
1535 2371 1626 2468 quo
1668 2339 1860 2432 nondum
1900 2345 1946 2431 in
1989 2340 2154 2434 Italiam
2196 2349 2327 2471 ipsam

1021 2533 1048 2659 S
1110 2568 1139 2625 v
1534 2472 1702 2560 invecta
1751 2467 1891 2563 adhuc
1942 2466 2077 2564 fuerat
2127 2470 2332 2601 typogra-

1036 2711 1044 2728 ι
1535 2597 1661 2724 phiae
1710 2633 1775 2691 ars
1829 2597 2066 2728 (mendosa
2113 2629 2175 2694 est
2217 2637 2330 2693 emm

708 2709 799 2782 ch.
828 2725 963 2802 WB*
990 2729 1084 2800 “¹3⁰
1111 2730 1155 2778 ω’
1183 2707 1229 2778 ad
1255 2731 1307 2780 ‘m‘
1343 2705 1444 2802 ¹4²3
1532 2761 1627 2820 aera
1662 2729 1807 2822 Decor
1837 2729 2072 2857 puellarum
2108 2732 2223 2824 illius
2256 2765 2331 2823 an·

867 2822 920 2893 ⁷⁶1
955 2817 1053 2942 ³4⁶¹
1088 2821 1280 2916 thul·
1531 2859 1578 2947 nr
1596 2855 1647 2990 ),
1679 2860 1726 2948 in
1759 2859 2017 2984 Aprutium,
2048 2861 2126 2953 usi
2161 2861 2259 2952 urbs
2285 2859 2333 2952 n-

776 2987 872 3082 Alii
909 2989 1106 3116 equidem
1147 2992 1304 3082 saniori
1335 2990 1477 3082 consi·
1532 2985 1574 3076 la
1591 2985 1830 3112 quaerenda
1858 3014 1946 3101 est,
1979 2989 2124 3110 velin
2144 2987 2331 3083 Siciliam

584 3213 587 3218 .
679 3123 741 3214 lio
791 3119 891 3210 heb.
935 3119 1248 3246 typographiae
1286 3147 1477 3241 tempora
1533 3147 1581 3206 us
1616 3149 1666 3207 ue
1710 3149 1757 3208 ea
1792 3144 2116 3241 penetraverat,
2162 3146 2332 3246 tamque

657 3253 817 3340 minus
862 3273 1162 3373 praevertunt,
1203 3249 1379 3371 propius
1421 3244 1477 3338 ad
1533 3151 1718 3335 deiram
1750 3247 1840 3337 illic
1874 3275 2072 3372 posuerat
2098 3247 2266 3360 sedern,
2287 3274 2332 3338 ut

681 3413 731 3470 ea
764 3375 1030 3484 accedentes,
1072 3374 1147 3464 sed
1178 3401 1318 3467 tamen
1352 3407 1480 3499 prae·
1533 3399 1619 3465 tres
1651 3407 1705 3466 ea
1747 3401 1880 3468 aetate
1921 3371 2133 3502 perfectae
2167 3381 2333 3503 reperi-

683 3531 858 3596 vertunt
891 3528 935 3594 et
967 3539 990 3595 a
1022 3505 1198 3595 veritate
1219 3531 1261 3595 et
1274 3509 1360 3628 ipsi
1380 3502 1478 3593 lon·
1534 3529 1679 3593 rentur
1711 3504 1825 3595 illius
1844 3504 1946 3595 libri
1967 3503 2206 3597 editiones?
2242 3503 2334 3596 Mi-

683 3669 737 3763 ge
770 3633 984 3724 aberrant.
1019 3632 1128 3754 Quis
1160 3636 1272 3722 enim
1293 3665 1389 3723 cum
1409 3629 1478 3726 Jo-
1533 3664 1624 3722 rum
1678 3660 1742 3726 est
1791 3661 1898 3759 quot
1955 3632 2332 3745 hallucinationes,

677 3763 820 3890 sepho
859 3757 982 3851 Coeo
1030 3793 1078 3852 ac
1123 3759 1378 3853 Boxhornio
1422 3760 1477 3852 ad
1533 3755 1721 3852 confusis
1755 3766 1979 3887 praecipue
2011 3761 2202 3876 Catulis,
2223 3761 2335 3856 Scri-

684 3923 840 3985 annum
879 3884 998 4003 1428
1034 3885 1187 3981 referat
1219 3894 1309 4016 ejus
1341 3894 1479 4016 origi·
1534 3892 1700 3998 verius,
1721 3886 2032 4000 Chevillerius,
2060 3890 2335 4000 antorfius,

684 4055 808 4131 nem,
835 4021 1216 4144 supposititiaeque
1237 4019 1418 4111 editioni
1438 4043 1481 4110 et
1536 4013 1773 4130 Heinsius,
1821 4020 1877 4115 de
1929 4019 2084 4131 Dieu,
2138 4019 2333 4122 Wolfius
2442 4106 2447 4115 .

685 4183 804 4242 aerae
835 4151 1005 4239 innixus
1048 4182 1097 4240 ea
1129 4173 1264 4240 aetate
1306 4176 1482 4274 coeptos
1538 4149 1699 4272 aliique
1747 4177 1941 4242 auctores
1984 4154 2029 4239 in
2062 4149 2337 4250 celeberrima

686 4311 779 4371 cum
813 4277 852 4368 la
894 4277 1035 4372 Caille
1068 4276 1214 4371 credat
1260 4278 1481 4370 hebraicos
1537 4277 1617 4368 hac
1638 4280 1929 4384 memoranda,
1963 4281 2083 4402 cujus
2105 4279 2205 4368 bina
2224 4280 2336 4401 apud

685 4437 816 4536 typos
849 4440 933 4532 qua
965 4408 1178 4498 communi
1195 4412 1404 4498 sententia
1422 4410 1482 4494 in·
1538 4438 1615 4496 nos
1665 4432 1811 4496 extant
1870 4403 2093 4526 exempla,
2146 4404 2339 4521 editione

686 4562 818 4630 venta
850 4568 940 4625 non
979 4563 1067 4626 erat
1098 4569 1162 4626 ars
1194 4559 1377 4662 typogra
1408 4533 1483 4622 hi·
1538 4535 1845 4624 commiserint·
1888 4529 1968 4621 Eas
2001 4563 2080 4620 nos
2113 4526 2249 4644 infra,
2284 4533 2339 4622 de

688 4665 768 4756 ca?
815 4659 1099 4754 Conferantur
1138 4695 1246 4788 quae
1279 4661 1332 4752 de
1364 4567 1483 4754 lise·
1539 4656 1654 4751 falsis
1687 4661 2134 4770 editionibusacturi,
2166 4657 2342 4786 detege·

689 4793 768 4916 phi
799 4794 1039 4882 testimonio
1074 4787 1261 4916 falsaque
1293 4793 1383 4916 ejus
1409 4823 1510 4908 ans
1539 4823 1659 4901 muS,
1700 4781 1756 4880 ¹ac
1788 4788 2031 4880 luculenter
2073 4788 2342 4882 demonstra-

542 4953 553 4968 “’
690 4924 737 5011 ni
769 4921 956 5014 editione
989 4953 1065 5012 suo
1096 4918 1194 5011 loco
1218 4917 1484 5010 animadvet-
1538 4917 1678 5008 bimus
1711 4944 1872 5010 tantum
1912 4918 2057 5010 abesse
2091 4943 2137 5008 ut
2177 4953 2229 5008 eo
2264 4953 2340 5010 an-

690 5055 840 5141 timus.
874 5046 968 5139 Nec
1009 5053 1211 5174 scioque
1244 5045 1331 5139 fide
1366 5045 1484 5138 linx·
1540 5080 1599 5136 no
1632 5047 1823 5138 absoluta
1854 5050 1930 5159 sit,
1951 5075 2000 5138 ut
2023 5051 2167 5172 potius
2187 5047 2242 5137 ad
2263 5079 2339 5137 xvt

691 5173 870 5290 torfius,
912 5179 978 5267 vir
1011 5178 1206 5270 hebraica
1245 5175 1486 5273 eruditione.
1540 5175 1620 5266 sec.
1653 5179 1820 5268 initium
1853 5181 1908 5269 sit
1955 5179 2190 5267 necessario
2231 5171 2344 5266 refe·

691 5308 963 5413 clarissimuS,
996 5339 1110 5397 anno
1136 5303 1250 5423 1613
1278 5337 1367 5429 quo
1388 5305 1486 5395 rab·
1541 5303 1693 5396 renda.
1725 5303 1861 5425 Quod
1894 5305 2005 5397 idem
2038 5304 2093 5396 de
2126 5305 2219 5394 aliis
2248 5307 2344 5430 qui·

693 5438 876 5528 binicam
893 5433 1489 5542 Bibliothecamedidit,con·
1543 5434 1721 5526 busdam
1761 5433 2021 5526 editionibus
2049 5466 2157 5559 quae
2194 5465 2349 5556 perpe-

695 5565 875 5657 scribere
917 5569 1104 5690 potuerit
1153 5601 1197 5692 p.
1234 5589 1324 5685 302
1358 5561 1488 5659 Jose-
1544 5595 1631 5655 ram
1674 5559 1948 5688 proferuntur
1996 5560 2347 5660 dicendumst,
