5222 7090
836 765 1408 842 exarantur
1903 786 1952 864 ῃ

308 967 402 1021 natas
431 941 464 1017 in
496 939 655 1048 pluribus
687 965 739 1017 xv
768 937 873 1016 seculi
895 937 1103 1016 editionibus
1159 940 1204 1017 sis
1250 939 1293 1016 sit
1340 941 1540 1030 recentior,
1582 967 1627 1018 ex
1673 941 1714 1018 iis
1753 941 1958 1050 desumptus

308 1081 510 1142 occurrere,
539 1053 583 1130 de
613 1054 740 1160 quibus
768 1051 919 1152 dubitari
947 1077 1017 1128 nou
1040 1076 1104 1158 po-
1159 1051 1410 1132 existimandus
1438 1079 1515 1142 est,
1542 1082 1610 1130 non
1652 1053 1858 1132 eorumdem
1901 1081 1959 1163 ty·

309 1193 397 1260 test,
434 1168 520 1275 quin
547 1192 592 1242 ex
622 1167 804 1276 hispanicis
832 1163 1009 1243 codicibus
1034 1163 1103 1242 sint
1158 1191 1244 1273 pus.
1274 1167 1513 1262 Falsaautem
1544 1193 1640 1255 esse,
1668 1195 1759 1276 quae
1789 1167 1959 1244 Biblioth.

307 1283 471 1361 haustae.
511 1278 681 1358 Videlicet
722 1278 756 1355 iu
794 1279 914 1356 Bibliis
953 1277 1102 1384 antiquis
1158 1305 1241 1355 sacr.
1280 1277 1366 1356 tom'.
1403 1286 1418 1356 l
1448 1306 1525 1390 pag.
1554 1285 1580 1356 ’6
1610 1280 1653 1358 ad
1694 1280 1957 1359 celeberrimam

309 1397 382 1474 sine
410 1421 501 1471 anno
530 1417 565 1469 et
594 1394 700 1482 loco,
722 1395 754 1470 in
783 1391 1018 1469 Pentateucho
1038 1395 1103 1468 So·
1157 1389 1247 1468 hanc
1274 1418 1314 1468 ac
1344 1393 1542 1499 primariam
1571 1397 1656 1472 sacri
1686 1418 1804 1471 textus
1824 1393 1959 1470 editio·
2060 1488 2062 1498 Ι

308 1536 365 1587 rae
397 1507 450 1584 vel
480 1509 571 1584 lscir
599 1533 652 1583 an.
701 1532 825 1606 1490,
854 1503 889 1580 in
919 1504 1102 1613 Ulyssipo-
1159 1529 1239 1581 uem
1269 1529 1366 1582 notat
1405 1505 1450 1582 cl.
1486 1508 1681 1596 Maschius,
1719 1507 1889 1588 editiones
1919 1509 1957 1582 in

309 1621 406 1700 nensi
445 1646 572 1720 1491,
612 1621 645 1696 in
675 1621 817 1724 antiquo
847 1619 918 1694 sine
947 1645 1038 1696 anno
1066 1642 1101 1695 et
1158 1617 1302 1695 officinis
1329 1621 1555 1698 Soncinatum
1592 1621 1779 1728 exscriptas
1807 1620 1873 1698 sibi
1906 1621 1960 1696 in·

311 1737 417 1826 loco,
445 1735 479 1810 in
509 1732 704 1810 Proverbiis
732 1759 812 1810 cum
842 1731 1102 1809 Commentario
1158 1733 1271 1809 vicem
1315 1757 1435 1810 exacte
1465 1734 1694 1840 respondere,
1733 1733 1839 1840 idque
1885 1759 1956 1808 non

312 1855 390 1926 Kav
421 1845 547 1923 veualxi
576 1873 630 1921 an.
667 1872 793 1946 1492,
821 1844 988 1952 aliisque,
1014 1871 1102 1952 quae
1159 1845 1229 1922 sine
1260 1844 1489 1923 fundamento
1530 1872 1575 1924 ex
1608 1850 1786 1924 communi
1817 1846 1955 1922 illarum

311 1987 346 2039 et
376 1964 409 2036 itt
440 1959 611 2037 Lusitania
639 1959 709 2036 fere
737 1985 857 2035 omnes
886 1957 1105 2066 prodierunt,
1162 1959 1293 2066 origine
1335 1958 1519 2068 colligere,
1569 1963 1638 2062 jam
1678 1960 1879 2038 monuimus
1921 1961 1957 2036 in

275 2172 278 2177 q
312 2075 376 2152 ubi
406 2074 659 2182 hispanicorum
696 2071 858 2150 codicum
898 2100 977 2150 usus
1007 2073 1105 2178 vige·
1163 2071 1363 2178 Appendice
1377 2074 1420 2150 ad
1439 2072 1585 2150 eandem
1607 2073 1858 2153 Bibliothecant
1879 2099 1956 2183 pag.

212 2241 217 2248 -
314 2189 400 2266 bat.
429 2194 468 2265 ln
498 2189 620 2265 harum
650 2186 846 2277 nonnullis,
868 2211 905 2264 ιιι
933 2185 1103 2264 inBibliis
1163 2209 1234 2284 27.
1279 2185 1416 2263 Etenim
1447 2188 1647 2266 Soneinates
1678 2186 1957 2290 satifactum,

312 2327 347 2378 et
378 2307 412 2381 in
441 2299 676 2378 Pentateucho
714 2299 788 2378 sine
818 2326 909 2376 anno
937 2325 972 2377 et
1002 2299 1103 2389 loco,
1159 2321 1194 2373 et
1224 2325 1287 2404 pro
1315 2299 1509 2378 diversitate
1551 2302 1707 2378 locorum
1747 2327 1788 2377 ac
1818 2323 1959 2407 tempo·

311 2440 346 2493 et
376 2419 411 2494 in
453 2420 587 2494 Sorano
626 2440 755 2514 1490,
782 2439 969 2490 occurrunt
997 2416 1102 2490 etiam
1161 2437 1237 2488 rum
1275 2412 1429 2492 diversos
1467 2415 1571 2491 etiam
1600 2416 1687 2491 sacti
1718 2439 1834 2493 textus
1860 2413 1959 2490 codi-

312 2527 513 2606 animalium
564 2529 715 2635 figurae,
755 2553 860 2634 atque
900 2530 935 2604 in
985 2528 1103 2606 Bibliis
1159 2550 1216 2600 ces
1255 2525 1407 2605 edendos
1450 2552 1701 2635 susceperunt.
1750 2529 1840 2604 Hinc
1886 2528 1959 2604 fere

311 2643 456 2750 quidem
483 2641 550 2719 sub
579 2641 715 2717 initium
750 2648 892 2734 iosuae,
922 2667 961 2718 ιιι
980 2643 1105 2719 'vehe-
1159 2663 1282 2716 omnes
1310 2640 1527 2748 discrepant.
1555 2647 1649 2718 llaec
1677 2666 1795 2719 autem
1823 2640 1959 2730 Biblia,

312 2781 447 2833 menter
485 2779 629 2848 verear,
669 2780 713 2831 ne
754 2755 863 2832 Biblia
904 2754 989 2832 haee
1022 2783 1105 2832 cum
1163 2752 1302 2829 Soncini
1332 2755 1475 2859 quidem
1513 2779 1548 2832 et
1577 2757 1771 2833 Soncinatis
1809 2755 1961 2859 sumpti·

313 2867 582 2948 Soncinensibus
624 2869 746 2944 nostris
785 2868 948 2947 Bruusius
983 2867 1106 2946 confu-
1163 2863 1249 2957 bus,
1277 2866 1337 2944 sed
1366 2895 1386 2943 a
1415 2869 1604 2946 Pisaurensi
1635 2865 1863 2976 typographo
1894 2869 1960 2942 im-

313 2982 426 3060 derit.
461 2989 500 3059 ln
531 2981 798 3058 Soncineusibus
827 2983 920 3058 enim
950 3008 1009 3060 eae
1037 2982 1108 3058 ani·
1163 3003 1297 3086 pressa,
1320 2981 1579 3086 quammaxime
1600 3006 1619 3057 a
1642 2979 1876 3059 brixiensibus
1903 3007 1961 3056 an.

314 3097 456 3174 malium
485 3097 634 3205 figurae,
672 3118 709 3173 ut
740 3094 918 3185 diximus,
947 3121 1017 3174 non
1046 3121 1108 3174 ex·
1170 3117 1275 3191 1494
1305 3095 1447 3200 aliisque
1489 3096 1713 3176 Soucinatum
1748 3093 1959 3172 editionibus

312 3236 409 3288 tant.
1163 3204 1345 3284 differunt.
1383 3214 1541 3286 Interea
1582 3234 1666 3288 vero
1693 3231 1730 3284 er
1770 3213 1960 3286 Pentateu-

289 3393 293 3404 .
401 3329 587 3431 Perperam
628 3323 732 3416 etiam
778 3327 804 3403 is
847 3350 1108 3439 argumentatur
1162 3320 1269 3398 chum
1310 3323 1585 3410 Bononiensem,
1627 3320 1709 3402 licet
1750 3321 1795 3398 ab
1832 3320 1960 3398 eodem

315 3463 361 3514 ex
391 3462 471 3514 nota
502 3459 608 3535 ppnt,
650 3466 739 3544 quae
767 3466 861 3518 extat
904 3441 949 3519 ad
978 3441 1108 3518 calcem
1165 3435 1387 3548 typographo
1416 3434 1615 3514 Abrabatno
1638 3436 1706 3514 ben
1727 3435 1866 3512 Cltaiim
1887 3435 1966 3513 edi·

312 3552 535 3640 Exechielis,
574 3578 678 3656 quam
722 3577 890 3631 retentam
927 3579 1025 3661 putat
1063 3581 1109 3630 ex
1165 3572 1266 3639 tum,
1296 3575 1364 3627 tam
1395 3550 1531 3662 insigne
1557 3575 1657 3628 extat
1684 3548 1892 3639 discrimen,
1923 3575 1964 3628 ut

315 3669 424 3752 lsaia,
452 3666 512 3770 qui
534 3665 726 3742 Ezechielis
747 3667 863 3744 locum
885 3694 946 3745 seu
968 3668 1107 3745 tertium
1167 3662 1253 3741 nihil
1281 3665 1324 3741 sit
1363 3668 1477 3745 minus
1518 3693 1671 3755 verum,
1709 3689 1747 3741 ut
1784 3691 1888 3773 supra
1919 3663 1965 3743 ad

312 3783 409 3883 juxta
452 3778 726 3885 germanicorum
767 3781 924 3858 ordinem
968 3781 1003 3857 in
1048 3807 1109 3858 ms.
1167 3776 1317 3854 eundem
1356 3781 1629 3858 Pentateuchum
1676 3779 1965 3867 observavimus,

312 3891 499 3978 servabat,
539 3917 607 3966 uon
639 3893 914 3977 animadvertens
941 3920 1017 3970 eam
1048 3919 1110 3969 no-
1166 3917 1269 3994 quam
1298 3891 1334 3970 id
1363 3894 1458 4001 quod
1486 3919 1585 3972 notat
1611 3894 1656 3971 cl.
1684 3891 1906 3999 Tycltsenius
1928 3894 1965 3968 in

315 4031 386 4081 tam
415 4007 519 4082 etiam
548 4005 582 4082 in
622 4007 705 4082 lsaia
740 4007 774 4083 in
806 4033 918 4084 nostra
956 4006 1108 4084 editione
1165 4009 1209 4108 ej.
1236 4006 1408 4114 Descript.
1436 4034 1471 4114 p.
1505 4011 1581 4097 81,
1612 4033 1658 4084 ex
1688 4012 1819 4083 Bnnon.
1846 4006 1967 4082 Sonei-

316 4119 409 4228 legi,
437 4141 472 4194 et
502 4142 548 4192 ex
588 4143 681 4195 mera
709 4119 839 4196 scribae
869 4119 923 4198 vel
953 4119 1108 4228 tipotlte·
1166 4142 1305 4226 oensem
1335 4145 1489 4198 nostrum
1530 4146 1600 4197 esse
1635 4121 1782 4226 petitum
1811 4142 1846 4193 et
1864 4143 1966 4194 sum-

315 4257 369 4309 tae
411 4231 586 4308 oscitantia
630 4233 665 4308 in
704 4233 883 4311 Ezechiele
925 4235 1108 4342 repetitam
1165 4256 1342 4308 mamesse
1365 4234 1451 4308 iuter
1471 4258 1656 4340 utrumque
1683 4232 1968 4308 consensionem.

316 4345 446 4422 fuisse.
493 4344 649 4429 Validius
689 4371 932 4456 argumentum
977 4347 1108 4454 petitur
1255 4347 1537 4424 Praestantissima
1578 4372 1681 4454 porro
1719 4343 1785 4420 hac
1813 4343 1967 4420 editione

316 4483 361 4535 ex
391 4457 526 4536 mendis
554 4458 680 4565 quibus
713 4462 959 4538 scatent-haec
987 4460 1114 4548 Biblia,
1172 4457 1236 4535 vix
1275 4461 1435 4535 rariorem
1477 4457 1604 4537 librum
1648 4457 1764 4536 adesse
1808 4480 1965 4535 statuunt

316 4571 427 4648 solent
456 4573 549 4648 enim
579 4574 765 4682 germanici
796 4573 932 4650 codices
959 4600 1031 4652 esse
1061 4573 1114 4648 iu·
1171 4577 1259 4648 Acta
1299 4573 1515 4650 eruditorum
1546 4573 1732 4680 Lipsiensia
1761 4568 1802 4646 ad
1833 4596 1964 4647 aunum

315 4683 520 4793 diligentius
548 4685 687 4793 scripti,
707 4712 917 4794 quamquam
937 4713 1114 4764 eteorum
1173 4713 1224 4784 ιγ
1232 4712 1306 4788 53,
1333 4686 1460 4792 quibus
1488 4686 1716 4794 adstipulatur
1744 4685 1892 4762 Simonis
1910 4691 1967 4761 ln·

315 4796 482 4905 pleraque
524 4799 559 4874 in
589 4798 777 4876 editionem
818 4803 952 4905 ipsam,
980 4827 1048 4877 non
1080 4802 1115 4874 in
1173 4798 1326 4876 trodio
1357 4800 1441 4910 ling.
1470 4799 1548 4876 heb.
1576 4829 1613 4908 p.
1645 4801 1745 4883 261,
1777 4798 1969 4876 lliscionius

315 4915 388 5014 ejus
443 4912 727 5020 autographum,
771 4937 852 4990 sunt
910 4912 1119 5020 rejicienda.
1172 4913 1337 4990 Biblioth.
1365 4913 1444 4990 heb.
1473 4912 1564 4989 Plor.
1592 4915 1627 4990 in
1660 4917 1694 4988 8.
1717 4937 1794 5018 pag.
1824 4914 1870 5000 6,
1897 4919 1971 4989 Os·

317 5023 500 5122 Quaedam
531 5050 615 5103 vero
637 5051 710 5102 esse
740 5051 884 5134 possunt
907 5025 1117 5133 praeceden·
1175 5051 1273 5102 mont
1305 5033 1402 5105 Dice.
1431 5055 1505 5125 ryp.
1545 5035 1603 5105 das
1629 5033 1704 5104 liar.
1741 5051 1804 5100 rar.
1840 5029 1970 5102 tom.l

318 5139 360 5212 tis
400 5135 561 5215 editionis
600 5163 826 5246 utrorumque
866 5141 1116 5248 Prophetarum
1176 5165 1212 5244 p·
1248 5167 1350 5230 teo,
1380 5139 1593 5218 Bibliotheca
1624 5141 1772 5217 univers.
1801 5137 1877 5214 libr.
1907 5164 1968 5214 rar.

317 5273 371 5326 an.
410 5252 540 5346 1486,
578 5279 682 5360 qnam
715 5279 828 5330 nostra
859 5279 960 5359 saepe
1002 5255 1120 5358 sequi·
1181 5255 1215 5326 8.
1250 5279 1355 5352 ¹770
1387 5277 1470 5328 tom.
1497 5258 1512 5328 l
1542 5281 1576 5361 p.
1607 5257 1681 5352 96,
1719 5250 1865 5356 Fabricy
1904 5255 1971 5324 Τι’-

319 5385 400 5438 ιιιι.
441 5367 608 5473 Congruit
637 5368 740 5442 etiam
772 5391 876 5472 saepe
907 5368 940 5442 in
971 5367 1121 5475 singula·
1177 5393 1242 5441 tres
1264 5371 1430 5465 primitiss
1459 5389 1543 5442 torn.
1571 5390 1598 5441 rt
1630 5392 1665 5471 p.
1697 5369 1796 5464 383.
1825 5387 1859 5440 et
1882 5368 1971 5438 Ler-

319 5474 417 5553 ribus
466 5475 674 5556 lectionibus
726 5507 806 5556 curn
855 5481 1120 5558 Kennicottiano
1178 5505 1244 5553 tter
1282 5477 1364 5552 a'un
1401 5485 1550 5555 Roman
1581 5503 1658 5584 pag.
1690 5500 1762 5574 53,
1798 5478 1852 5550 De
1879 5479 1969 5554 Rure

322 5587 403 5665 cod.
435 5615 544 5692 253,
567 5593 628 5698 qui
660 5617 775 5670 tamen
806 5617 887 5670 cum
918 5593 1037 5671 Bibliis
1065 5590 1122 5700 ip-
1177 5597 1343 5689 Bibliogr.
1374 5599 1479 5667 Instr.
1510 5594 1629 5668 tom.1
1659 5589 1972 5698 p.18,Dictina.

1462 5727 1491 5757 Δ
1750 5731 1768 5791 8
