5146 7094
745 680 1442 757 PARSSECUNDA
1850 703 1925 780 ¹¹9

273 891 348 952 :run
376 859 420 940 nb
448 877 542 940 rma
569 873 667 935 :nm
702 874 824 936 nrton
852 871 980 936 rrum
1006 870 1077 932 nuru
1133 882 1210 934 rum
1241 877 1280 934 ut
1307 879 1492 968 congreget
1521 855 1692 966 dispersos
1721 854 1842 966 populi
1871 859 1924 935 sui

272 1003 376 1064 wrm
406 997 485 1052 nnat
513 969 544 1048 rb
572 991 655 1048 nant
682 988 770 1046 mam
800 989 859 1046 τι)
888 990 970 1045 rnen
998 969 1077 1047 boor
1133 966 1234 1046 lsrael
1276 968 1347 1045 cito
1387 974 1421 1046 in
1464 971 1586 1048 diebus
1632 975 1756 1050 uostris
1799 997 1925 1048 amen.

274 1117 369 1175 runt
396 1083 527 1168 Hunni
573 1079 664 1162 ‘orm
710 1103 803 1160 runt
838 1103 978 1162 monum
1006 1099 1076 1164 :tr
1132 1081 1264 1160 Finitus
1292 1107 1366 1170 est,
1394 1083 1467 1160 laus
1496 1089 1572 1160 Deo
1601 1138 1643 1176 „.
1672 1085 1840 1194 Congruit
1870 1110 1928 1162 er-

275 1231 346 1288 em
385 1227 431 1300 γρ
473 1219 560 1279 :nnn
599 1217 644 1280 nr
674 1252 684 1271 .
711 1219 784 1274 :rtr
824 1194 919 1274 'nobb
958 1215 1077 1274 onnon
1132 1223 1179 1305 go
1209 1195 1332 1297 Conari
1360 1195 1467 1272 editio
1496 1225 1575 1275 cum
1606 1199 1768 1276 hebraico
1784 1225 1827 1276 eo
1848 1204 1931 1275 Go-

272 1321 339 1402 rtbrt
363 1317 396 1370 *³³
424 1312 519 1394 *nobo
547 1333 613 1406 nst
638 1332 696 1388 ’mr
725 1331 821 1405 erton
849 1331 901 1392 mr
932 1307 1065 1388 :burn
1130 1307 1274 1386 ricuidis
1309 1311 1527 1416 Compendio
1568 1339 1631 1390 ms·
1680 1337 1770 1388 anuo
1820 1315 1919 1408 1461

276 1455 413 1520 mm:
442 1427 541 1507 brtntrrr
583 1445 646 1510 mn
685 1443 757 1502 rrm)
795 1445 901 1520 vaput
940 1441 1075 1500 &utrm
1132 1444 1293 1516 exarato,
1330 1423 1426 1532 quod
1454 1423 1567 1501 solum
1596 1425 1772 1502 excidium
1801 1430 1926 1504 Hiero·

277 1549 333 1630 νη
362 1570 433 1626 :rr
461 1599 470 1618 .
498 1563 558 1636 rnre
584 1593 594 1614 .
622 1559 716 1617 nmo
753 1589 776 1630 „
822 1535 1076 1642 Constitrritque
1132 1534 1383 1644 solymitanum
1411 1535 1572 1616 describit
1593 1562 1627 1616 et
1649 1541 1737 1618 inter
1755 1539 1928 1648 Huming-

279 1667 380 1743 Titus
419 1656 609 1768 praefectos
648 1678 752 1761 super
791 1654 988 1757 Hagarenos
1016 1649 1077 1755 qui
1134 1651 1293 1728 tunianos
1319 1649 1455 1728 codices
1492 1679 1587 1728 nuru.
1620 1679 1694 1756 345
1735 1653 1929 1762 deprehen-

273 1803 394 1886 pacem
425 1799 507 1849 cum
536 1793 579 1845 eo
618 1764 794 1854 fecerant,
824 1763 970 1871 illosque
998 1763 1076 1839 reli·
1133 1763 1250 1854 ditur,
1278 1767 1313 1841 iu
1341 1791 1415 1872 quo
1443 1789 1528 1844 teste
1562 1768 1737 1876 Gagnerio
1765 1795 1804 1845 ac
1833 1767 1930 1844 Wol-

279 1891 417 1999 quirin
447 1883 595 1968 Iudaea.
636 1881 716 1958 Fuit
757 1902 874 1956 autem
910 1901 1076 1954 numerus
1116 1881 1402 1986 .srotom.1p.
1435 1902 1508 1977 52¹
1554 1880 1712 1958 inculco
1742 1905 1930 1970 mouetur,

277 2005 497 2113 captivorum
526 2021 616 2103 quos
645 2019 762 2072 secum
802 1991 948 2070 deduxit
977 1992 1078 2068 Titus
1134 2045 1157 2086 „
1178 1993 1299 2070 Titum
1323 1992 1473 2101 losepbn
1490 1993 1623 2074 dedisse
1645 1993 1790 2072 insulam
1807 2022 1931 2103 quam·

279 2119 466 2227 nonaginta
496 2108 667 2200 millium,
704 2132 867 2185 numerus
901 2131 985 2183 vero
1013 2131 1079 2182 eo-
1134 2106 1217 2183 dam
1254 2109 1287 2185 in
1329 2107 1449 2184 Tiberi
1490 2109 1607 2186 medio
1643 2108 1744 2185 sitam
1782 2109 1816 2187 in
1856 2110 1929 2214 ipsa

282 2230 449 2337 numqui
479 2227 514 2302 in
553 2220 738 2306 Jerusalem
779 2220 894 2328 gladio
921 2240 957 2296 et
985 2217 1077 2296 fame
1135 2221 1221 2297 urbe
1249 2225 1381 2310 Roma,
1418 2227 1551 2331 inqua
1591 2220 1759 2331 Iosephus
1787 2248 1822 2301 et
1851 2223 1929 2298 do-

283 2345 480 2456 perierunt,
508 2339 665 2415 omnium
695 2332 839 2442 quidem
859 2333 920 2440 qui
940 2355 985 2408 ex
1003 2329 1079 2410 lon·
1133 2361 1231 2411 mum
1274 2360 1337 2440 pro
1376 2335 1505 2414 familia
1545 2362 1604 2413 sua
1644 2361 1680 2413 et
1718 2363 1943 2447 synagogam·

281 2461 418 2570 ginquis
448 2452 504 2530 vel
534 2448 703 2559 proximis
729 2446 926 2556 regionibus
954 2449 989 2522 in
1019 2451 1078 2526 le·
1137 2450 1330 2524 extruxerit
1355 2500 1401 2540 „.
1441 2454 1480 2525 In
1510 2449 1630 2526 ceteris
1669 2475 1750 2528 vero
1778 2450 1862 2528 loeis
1890 2476 1931 2528 ac

283 2573 431 2652 rusalem
473 2568 609 2644 fuerant
649 2565 787 2670 ingressi
833 2584 868 2637 et
906 2557 1081 2662 adjuncti,
1137 2559 1343 2638 lectionibus
1388 2563 1605 2669 potissimum
1645 2566 1804 2674 congruit
1849 2593 1931 2642 cum

283 2685 664 2763 deciescentenorum
692 2675 841 2750 millium
869 2695 1079 2750 accentum
1135 2673 1288 2750 editione
1327 2679 1579 2764 Munsteriana,
1619 2683 1775 2785 exceptis
1815 2702 1930 2755 tamen

284 2824 320 2877 ct
350 2823 430 2876 octo
468 2793 642 2876 millium,
680 2787 888 2894 reduxitque
931 2789 1078 2861 Romam
1136 2787 1222 2886 locis
1249 2785 1480 2893 quibusdam,
1507 2789 1649 2897 quaein
1670 2793 1932 2869 nostralraben-

285 2939 324 2991 ac
353 2911 450 2989 dedit
481 2905 568 3015 patri
597 2929 660 2980 suo
689 2902 783 2979 mille
813 2927 852 2978 ac
873 2903 1080 3009 quingentos
1138 2925 1194 2978 tur
1225 2901 1398 3008 pleniora,
1415 2903 1450 2980 irr
1471 2903 1652 2981 Basilecusi
1674 2906 1803 2983 hiulca.
1832 2911 1932 2981 Unus

285 3053 325 3104 ac
373 3019 578 3134 pertransire
621 3016 702 3092 fecit
753 3014 808 3094 vel
851 3014 1003 3092 traduxit
1045 3015 1081 3089 in
1138 3040 1182 3091 ex
1213 3014 1264 3090 lris
1292 3039 1385 3092 extat
1422 3017 1527 3094 lint
1564 3045 1638 3124 cap.
1668 3045 1740 3096 xxt
1771 3047 1850 3128 pag.
1879 3021 1933 3114 64

288 3143 472 3218 transitum
504 3131 559 3210 vel
587 3129 746 3218 vadum,
786 3155 858 3235 quo
888 3129 970 3204 binc
998 3125 1083 3203 exiit
1138 3129 1195 3205 ed.
1225 3129 1433 3224 Gorlrauae,
1463 3129 1522 3207 ubi
1551 3131 1635 3239 legit
1664 3158 1778 3209 nosrta
1807 3150 1935 3209 mutar

285 3253 328 3332 ad
358 3279 473 3342 mare,
503 3243 816 3356 quinquemillia,
845 3265 883 3318 ut
912 3265 947 3317 et
975 3241 1011 3316 iu
1031 3263 1084 3316 te·
1139 3264 1260 3321 nrum
1288 3265 1387 3322 mnu]
1416 3265 1568 3323 :amm
1597 3243 1649 3322 bnt
1677 3267 1737 3325 tnta
1765 3267 1833 3338 rnre
1860 3243 1934 3321 'mr

288 3368 398 3475 liquas
427 3361 622 3474 provincias
649 3381 737 3464 quae
766 3378 845 3432 sunt
875 3355 909 3430 in
932 3354 1082 3460 Apulia.
1138 3378 1204 3447 rur
1246 3354 1285 3433 bn
1328 3379 1431 3450 unsar
1471 3379 1558 3436 mon
1599 3381 1665 3452 pue
1714 3378 1771 3444 rur
1811 3379 1935 3440 anunm

288 3481 393 3559 Dedit
425 3504 526 3588 porro
556 3474 781 3578 Vespasianus
808 3471 890 3546 Tiro
918 3467 991 3544 filio
1019 3493 1083 3544 suo
1138 3469 1214 3560 treber
1235 3493 1299 3561 rnre
1320 3468 1373 3547 bar
1391 3491 1503 3556 urrurr
1530 3493 1631 3550 amun
1659 3495 1724 3564 rut
1752 3471 1804 3550 bor
1832 3493 1952 3566 ptpm*

288 3597 506 3681 Armeniam,
553 3587 727 3673 Africam,
769 3606 806 3660 et
857 3584 1084 3688 Hispaniam,
1139 3603 1194 3658 ’τι
1220 3605 1277 3666 ‘nrt
1316 3607 1398 3663 'rrum
1426 3606 1471 3662 'm
1498 3607 1555 3662 tem
1599 3585 1691 3663 nis
1732 3607 1801 3661 ’mr
1838 3583 1937 3662 'robur

290 3708 542 3812 collocavitque
572 3703 607 3776 in
636 3696 770 3804 Hispali
800 3697 883 3772 urbe
912 3698 1007 3803 regni
1030 3695 1084 3772 sui
1140 3696 1293 3780 aaroni
1320 3720 1363 3790 tur
1392 3722 1462 3778 nrntt
1485 3695 1588 3780 rabum
1627 3752 1649 3786 „
1677 3698 1936 3778 Meridionalem

289 3825 355 3901 sita
397 3819 440 3897 ad
480 3822 607 3895 flumen
646 3810 760 3889 Raetis
800 3809 936 3920 triginta
978 3809 1085 3888 millia
1140 3837 1280 3916 quoque
1310 3809 1446 3918 plagam
1489 3836 1523 3889 et
1565 3812 1756 3889 universam
1786 3811 1938 3888 Aethio-

292 3959 427 4046 practer
456 3933 532 4010 illos
560 3953 647 4034 quos
673 3924 842 4031 disposuit
871 3927 906 3999 irr
935 3920 1008 3999 aliis
1035 3922 1087 3998 lo-
1142 3925 1259 4028 piam,
1287 3949 1476 4032 omnesque
1504 3925 1566 4031 qui
1606 3926 1763 4003 habitant
1792 3929 1825 4003 iu
1855 3953 1956 4001 cou-·

289 4051 364 4136 cis,
406 4045 618 4155 praecipiens
657 4061 695 4114 ut
734 4035 799 4111 sibi
835 4057 997 4112 caverent
1043 4061 1087 4110 ue
1142 4035 1268 4112 finibus
1296 4040 1449 4115 meridiei
1479 4063 1514 4116 et
1543 4036 1730 4116 occidentis
1760 4038 1937 4144 usquead

290 4163 403 4240 ullum
434 4160 503 4238 illis
532 4155 660 4234 malum
690 4150 874 4227 inferrent.
902 4150 1001 4226 Dixit
1028 4173 1088 4226 au·
1143 4151 1368 4256 Hispaniam,
1407 4150 1514 4228 etad
1553 4153 1819 4257 septentrionem
1850 4177 1940 4226 curr-

291 4301 362 4353 tem
393 4276 495 4352 Titus
535 4267 710 4374 Joseplro,
747 4261 838 4371 ¹elige
879 4263 942 4340 tibi
971 4262 1087 4340 locum
1144 4287 1215 4339 ctas
1244 4266 1436 4371 prouincias
1476 4264 1721 4353 Macedoniae,
1749 4261 1940 4370 Cappado-

289 4389 513 4466 habitariouis
542 4387 577 4462 iu
607 4383 771 4458 uniuerso
799 4377 957 4454 dominio
986 4401 1089 4465 meo,
1144 4375 1216 4452 ciae
1245 4403 1279 4453 et
1306 4378 1452 4468 Jadrr'slr,
1480 4383 1562 4456 item
1593 4403 1733 4454 omnem
1760 4379 1937 4486 regionem

294 4529 445 4610 eumque
487 4499 579 4577 dabo
623 4495 712 4587 tibi,
756 4495 922 4600 petiitque
963 4489 1088 4598 loseplr
1145 4491 1233 4568 Alan
1262 4517 1298 4570 et
1338 4493 1453 4586 Alsar,
1480 4517 1515 4570 et
1553 4518 1689 4569 montes
1728 4490 1852 4582 Alarh,
1879 4492 1961 4596 qui·

295 4617 438 4692 insulam
479 4640 567 4722 quae
605 4615 734 4687 Romae
777 4631 828 4685 est
867 4603 911 4683 ad
951 4606 1089 4716 plagam
1147 4629 1198 4682 est
1239 4633 1338 4684 mons
1375 4613 1442 4686 Sur
1482 4608 1537 4685 rel
1568 4612 1706 4685 Taurus
1744 4629 1855 4711 usque
1893 4603 1939 4680 ad

294 4731 582 4812 meridionalem,
621 4723 851 4829 undequaque
890 4748 910 4796 a
949 4720 1090 4797 flumine
1147 4745 1280 4798 montes
1308 4723 1396 4798 uiris
1434 4723 1495 4828 qui
1535 4718 1727 4828 pertransiri
1764 4746 1833 4795 uon
1864 4745 1961 4824 pos·¹

296 4845 433 4920 Trberis
464 4840 735 4924 circumdatam,
763 4860 797 4912 et
819 4835 1013 4912 aedificavit
1035 4833 1092 4911 laic
1146 4858 1228 4912 suut
1253 4886 1298 4927 „.
1337 4837 1450 4913 Multo
1479 4862 1558 4913 sane
1598 4833 1733 4941 plenius
1770 4859 1876 4938 quam
1907 4832 1940 4908 iu

295 4955 360 5032 sibi
389 4955 512 5033 domos
541 4981 621 5033 cum
650 4955 854 5068 cognatione
882 4976 961 5041 sua,
982 4972 1017 5026 er
1033 4975 1093 5058 sy-
1151 4951 1381 5026 Munsteriana
1424 4950 1575 5058 legatur,
1614 4973 1704 5055 quae
1740 4943 1942 5022 intermedia

295 5095 467 5179 nagogam
495 5069 537 5146 ad
565 5067 759 5154 orandum,
794 5089 830 5140 et
867 5063 1013 5140 domum
1042 5068 1093 5140 iu·
1150 5089 1219 5138 nou
1249 5089 1357 5170 pauca
1385 5063 1535 5140 omittit.
1572 5063 1755 5170 Sedlraec
1785 5059 1943 5136 uidemur

294 5187 484 5260 stitutionis
514 5182 567 5259 vel
588 5179 801 5257 academiam
824 5175 1090 5254 addiscendum
1148 5201 1168 5252 a
1198 5179 1375 5256 Munsteto
1404 5177 1479 5286 ipso
1509 5173 1692 5282 repetenda
1720 5172 1782 5279 qui
1813 5197 1851 5247 ut
1880 5171 1963 5248 ini-1

299 5298 355 5372 vel
384 5297 593 5374 studendum
631 5294 665 5371 irr
696 5319 755 5368 ea.
799 5297 987 5398 Hucusque
1016 5291 1092 5366 finis
1149 5291 1200 5366 tio
1227 5317 1267 5368 ac
1294 5291 1362 5368 line
1402 5291 1518 5368 multis
1545 5287 1716 5394 capitibus
1756 5285 1945 5360 editionem

296 5433 412 5485 rerum
443 5435 614 5516 gestarum
655 5408 840 5490 Jerusalem
880 5406 973 5484 urbis
1010 5429 1096 5480 sarr-
1151 5429 1248 5480 suam
1277 5404 1475 5488 mutilavit,
1514 5403 1626 5478 multo
1663 5397 1796 5476 facilius
1836 5395 1870 5473 id
1901 5397 1946 5474 de

295 5547 395 5600 ctae·
422 5525 557 5600 Placeat
585 5529 656 5626 jam
684 5523 839 5597 Doruiuo
867 5523 945 5596 Deo
984 5519 1097 5598 caelo·
1151 5517 1360 5624 quibusdam
1401 5516 1515 5599 verbis
1550 5513 1607 5596 rel
1635 5510 1786 5624 periodis
1820 5511 1964 5618 conjici·
