5146 7094
791 653 1012 726 PARS
1068 649 1407 770 affilaTJA
1837 670 1940 760 ι,453

290 830 360 911 Sed
393 831 543 936 seipsum
570 826 716 906 Wolfius
744 823 892 904 correxit
935 848 1020 900 tom.
1050 849 1092 900 111
1149 821 1391 900 animadvertit
1428 821 1551 902 doctus
1580 821 1637 902 ille
1675 823 1726 904 uir
1751 821 1962 900 editionem'

293 974 328 1054 p.
368 970 466 1040 142,
494 940 668 1048 fassusque
695 963 746 1016 est
781 963 850 1014 uon
880 935 992 1014 solum
1022 935 1092 1013 fru-
1147 941 1464 1012 Ortoneusemesse
1483 938 1683 1044 ipsissimam
1701 937 1843 1016 siculam
1861 940 1944 1013 Sca·

292 1081 359 1134 stra
389 1056 605 1162 quaesivisse.
624 1052 800 1158 exemplar
829 1049 924 1156 quod
952 1050 987 1126 iu
1013 1055 1089 1156 Op·
1144 1048 1262 1156 ligeri,
1281 1073 1320 1126 ut
1341 1074 1386 1125 ex
1415 1049 1580 1159 Catalogo
1600 1051 1828 1129 bibliothecae
1849 1053 1939 1158 Lug·

292 1167 509 1276 penhcimeri
537 1164 746 1243 bibliotheca
789 1160 1001 1270 deprehendi
1031 1187 1089 1237 ar-
1144 1160 1435 1256 duno-batavae,
1476 1162 1533 1240 ubi
1561 1189 1601 1240 ea
1639 1190 1731 1242 nunc
1768 1187 1944 1250 seruatur,

293 1280 508 1368 bitrabarur,
536 1276 594 1354 sed
626 1303 691 1355 nec
721 1299 791 1354 tam
817 1275 993 1381 antiquam
1015 1273 1088 1349 edi·
1145 1271 1412 1350 luculentissime
1440 1299 1593 1363 constat,
1623 1279 1683 1384 qui
1714 1302 1793 1352 eam
1815 1273 1943 1350 descri-

293 1396 423 1472 tionem
453 1393 542 1500 ipsas
582 1391 655 1499 pati
698 1414 795 1496 posse
835 1387 1087 1496 typographiae
1146 1385 1197 1462 bit
1226 1412 1401 1493 tamquam
1431 1399 1561 1465 tertiam
1590 1415 1624 1464 ct
1655 1398 1801 1466 Ortotrac
1829 1397 1863 1463 ia
1885 1395 1940 1466 Si·

296 1507 464 1616 origines·
509 1509 569 1582 Est
612 1503 718 1580 editio
761 1499 966 1577 Pisaurensis
1008 1501 1089 1576 anni
1147 1506 1225 1574 cilia
1256 1525 1407 1575 curatam
1435 1526 1579 1598 tempore
1617 1508 1733 1580 Caroli
1760 1511 1941 1599 imperato·

302 1645 427 1719 1507,
455 1622 553 1722 cujus
582 1642 693 1694 aeram
723 1613 787 1690 rob
818 1615 896 1711 267
927 1611 1090 1690 mendose
1147 1622 1210 1686 rit.
1238 1612 1387 1690 Pessime
1425 1613 1586 1720 quidem.
1625 1620 1712 1692 Nam
1742 1620 1873 1690 Ortona
1904 1616 1937 1688 in

295 1759 355 1840 per
383 1733 424 1810 it
451 1756 508 1808 seu
542 1756 620 1830 207
651 1725 819 1835 expressit
847 1727 1064 1804 scabraers,
1146 1725 1295 1830 Aprutio
1335 1749 1386 1802 est
1430 1725 1797 1834 italiot·Neapolitani
1842 1725 1939 1834 regni

566 1899 825 1978 MCCCCLXI
1041 1924 1045 1934 ¹
1146 1839 1346 1944 provincia,
1373 1865 1452 1926 ¹nou
1491 1841 1525 1916 in
1555 1838 1691 1928 Sicilia,
1729 1865 1793 1915 nec
1830 1843 1941 1914 Orto-

1147 1951 1260 2027 neusis
1295 1949 1401 2028 editio
1436 1951 1544 2030 sicula
1583 1953 1749 2061 appellari
1789 1977 1943 2057 uuquam

675 2070 709 2144 V
1147 2085 1276 2170 potest.
1306 2063 1485 2142 Manifesta
1513 2089 1627 2142 tamen
1656 2091 1708 2144 est
1735 2066 1859 2142 erroris
1888 2089 1940 2138 ra·

371 2187 418 2260 R.
446 2187 558 2260 Moris
586 2181 730 2258 Kimclri
756 2195 853 2259 alian
880 2171 970 2253 *haut
997 2170 1085 2266 'riam
1143 2178 1212 2253 tio.
1254 2177 1391 2254 Etenim
1430 2205 1540 2286 quum
1581 2177 1715 2256 dicatur
1754 2177 1879 2256 editio.
1900 2177 1935 2252 in

295 2302 458 2376 Maalrlclr
500 2299 621 2372 sterili
658 2295 790 2368 adalard
827 2316 883 2365 reu
922 2297 993 2364 lter
1024 2315 1087 2383 per
1141 2287 1251 2364 fronte
1279 2294 1430 2368 Ortonae
1470 2293 1561 2369 facta
1596 2291 1662 2368 sub
1689 2291 1844 2368 dominio
1874 2293 1939 2366 Ca·

294 2421 430 2488 semitas
467 2416 644 2492 scientiae,
674 2414 743 2480 sitta
782 2407 951 2479 hebraicae
978 2409 1087 2477 Iasti-
1144 2402 1207 2484 toli
1251 2403 1341 2510 tegis
1381 2402 1538 2498 Siciliae,
1581 2430 1651 2481 non
1700 2405 1938 2513 imperatoria,

294 2533 460 2610 tutiores,
482 2530 517 2596 itt
541 2527 576 2600 8.
605 2528 639 2594 itt
669 2522 783 2594 Sicilia
804 2543 857 2591 aa.
878 2533 1087 2588 Mccccaxa.
1143 2512 1313 2620 oppidum
1355 2515 1440 2592 illud
1479 2517 1513 2593 in
1557 2517 1671 2594 Sicilia
1698 2539 1770 2595 esse
1797 2540 1833 2594 et
1860 2516 1940 2592 edi-

377 2641 539 2712 Testatur
579 2629 775 2708 Buxtorfius
804 2629 839 2702 in
877 2625 1088 2704 Bibliotheca
1146 2629 1274 2703 tionem
1303 2629 1445 2706 siculam
1474 2630 1497 2706 ii
1519 2653 1676 2708 auctores
1696 2628 1934 2707 crediderunt.

295 2747 472 2824 rabbinica
515 2770 607 2822 aooo
655 2769 726 2850 quo
785 2765 860 2816 eam
908 2739 1088 2849 vulgarit,
1145 2737 1214 2816 Sed
1244 2739 1280 2815 in
1323 2741 1500 2821 referenda
1541 2743 1605 2820 hac
1645 2743 1811 2840 editione,
1852 2767 1941 2848 quae

304 2864 432 2966 1613,
460 2859 669 2966 Scaligerum
700 2855 803 2958 hujus
830 2853 944 2960 operis
964 2853 1089 2928 editio-
1144 2849 1239 2958 apud
1270 2879 1333 2930 nos
1361 2878 1482 2946 extat,
1523 2857 1614 2932 varie
1643 2882 1662 2932 a
1691 2853 1941 2964 bibliographis

297 2998 377 3050 nem
409 2971 596 3082 possedisse
625 2970 659 3045 iu
691 2966 803 3046 Sicilia
830 2991 983 3043 curatam
1008 2990 1087 3043 ante
1144 2988 1296 3042 erratum
1325 2991 1396 3060 est,
1427 2968 1607 3074 variaeque
1629 2968 1845 3076 potissimum
1867 2973 1941 3070 ejus

297 3111 405 3162 annos
457 3111 553 3185 ¹52·
590 3080 747 3182 „Quod
787 3081 815 3156 si
854 3105 976 3156 verum
1014 3103 1088 3166 est,
1146 3079 1324 3184 epochae,
1352 3083 1477 3178 1461,
1511 3081 1943 3180 1476‚1486,1496,

294 3197 413 3274 subdit
451 3196 679 3274 Chevillerius
710 3221 745 3300 p.
786 3195 866 3288 264
903 3192 1089 3268 dicendum
1146 3214 1309 3280 statutae,
1339 3218 1459 3270 omnes
1486 3194 1706 3272 falsissimae.
1748 3193 1861 3270 Prima
1891 3218 1941 3269 ta-

296 3335 383 3388 csset
425 3309 619 3390 hebraicam
666 3305 932 3414 typographiam
977 3303 1089 3380 multo
1147 3330 1226 3380 men
1254 3330 1314 3381 seu
1344 3331 1458 3384 nostra
1495 3331 1545 3384 est
1584 3307 1724 3414 reliquis
1753 3304 1863 3382 multo
1893 3307 1946 3381 iu·

298 3447 378 3502 ante
407 3425 559 3533 coepisse
579 3446 683 3528 quam
701 3421 793 3496 dicat
821 3422 860 3493 R.
881 3415 1090 3510 Ghedalias,
1146 3418 1344 3497 credibilior
1370 3445 1405 3497 et
1433 3416 1639 3514 absurdior,
1664 3419 1765 3526 quia,
1802 3441 1841 3496 ut
1869 3443 1945 3494 mo·

297 3535 386 3614 idest
424 3539 459 3613 iu
497 3534 612 3614 Sicilia
655 3534 744 3610 circa
783 3558 913 3610 anuum
963 3533 1092 3628 1461,
1149 3534 1287 3611 unimus
1315 3531 1351 3608 in
1390 3534 1476 3609 Dias.
1505 3533 1608 3642 prael.
1644 3535 1679 3631 S.
1708 3558 1753 3621 v,
1782 3557 1826 3638 eo
1852 3557 1945 3634 anuo
2053 3537 2056 3543 ’

298 3647 456 3754 hancque
495 3647 605 3724 Musis
642 3645 794 3722 Kimchii
823 3645 1091 3720 Grammaticam
1149 3646 1384 3756 typographia
1412 3649 1448 3724 iu
1477 3647 1629 3726 Siciliam
1658 3667 1694 3722 et
1723 3645 1857 3722 ltaliam
1885 3643 1946 3720 ad·

296 3785 368 3838 esse
404 3761 631 3868 antiquiorem
670 3757 797 3834 librum
837 3755 995 3833 hebraice
1025 3758 1094 3832 im·
1149 3759 1218 3836 huc
1247 3785 1317 3835 non
1347 3784 1604 3866 penetraverat,
1632 3785 1695 3835 uec
1717 3759 1875 3836 hebraica
1894 3757 1948 3833 in·

296 3897 478 3982 pressum.
507 3877 647 3950 Certum
675 3893 727 3947 est
752 3869 999 3975 antiquissimas
1028 3869 1094 3946 hu·
1150 3897 1277 3961 venta,
1307 3897 1347 3948 ac
1376 3899 1420 3950 ne
1450 3899 1517 3950 una
1545 3870 1686 3981 quidem
1715 3873 1819 3972 hujus
1846 3870 1946 3958 libri,

297 3989 350 4089 jus
380 3986 634 4062 Grammaticae
662 4005 780 4059 extare
808 3981 993 4060 editiones.
1032 3987 1092 4060 Est
1149 4011 1218 4062 non
1250 4007 1318 4061 tres
1356 3983 1524 4063 editiones
1560 3987 1728 4062 emissae.
1770 3991 1822 4061 Ac
1851 3983 1947 4062 uidc-

297 4125 413 4175 carum
462 4123 529 4176 una
573 4099 606 4173 iu
648 4095 856 4175 bibliotheca
904 4097 1092 4175 Sorbonica
1151 4100 1265 4177 bimus
1293 4095 1455 4203 deinceps
1490 4095 1534 4174 ad
1571 4101 1671 4196 1496
1703 4097 1844 4172 Carolm
1873 4121 1947 4170 esse

300 4218 453 4288 Ortonae
481 4209 633 4318 perfecta
649 4209 696 4284 'in
726 4209 930 4286 Albrutiana
954 4211 1094 4316 provin·
1150 4212 1329 4299 confusos,
1357 4237 1470 4288 aeram
1492 4209 1582 4288 male
1612 4209 1821 4287 intellectam
1840 4207 1946 4285 hauc·

300 4325 351 4401 cia
391 4325 494 4432 regni
528 4321 740 4430 Neapolitani
783 4346 873 4398 auno
913 4347 941 4397 11
979 4323 1094 4402 Caroli
1150 4321 1437 4433 que·editionem
1466 4323 1510 4401 ad
1539 4347 1682 4400 aetatem
1708 4320 1819 4397 multo
1839 4320 1946 4402 serio·
2069 4319 2078 4336 ’

299 4439 388 4546 regis
433 4435 568 4513 Siciliae
610 4459 645 4511 et
686 4436 926 4522 Hierusalem,
966 4436 1094 4514 scilicet
1150 4443 1242 4528 rem,
1269 4436 1429 4514 videlicet
1450 4437 1495 4514 ad
1518 4462 1587 4514 xvi
1616 4435 1722 4514 seculi
1740 4431 1944 4528 exordium,

297 4549 413 4626 Caroli
460 4573 529 4626 v11t
577 4549 663 4657 regis
704 4546 859 4640 Galliae,
899 4550 958 4654 qui
1001 4575 1093 4626 anno
1154 4577 1224 4629 esse
1255 4549 1535 4636 amandandam.

305 4664 408 4762 1496
440 4659 644 4768 respondet.
683 4667 722 4737 ln
752 4688 820 4768 qua
848 4662 989 4768 quidem
1018 4663 1092 4739 edi·

296 4775 393 4852 tione
420 4801 528 4880 quum
573 4797 712 4850 notetur
738 4799 814 4866 earu
852 4799 923 4852 esse
954 4775 1088 4853 tertiam
1401 4779 1693 4856 MCCCCLXVI

297 4887 402 4992 hujus
428 4887 527 4974 libri,
567 4911 776 4993 consequens
816 4912 867 4964 est
896 4887 980 4965 duas
1007 4887 1088 4966 alias
1515 4945 1581 5022 Vl

298 4999 508 5107 antiquiores
535 4997 706 5078 editiones
733 5000 886 5078 extitisse
915 5053 959 5094 „.
998 5001 1088 5080 Hinc

299 5137 345 5189 ex
369 5112 602 5205 .Chcvillerio,
630 5121 729 5218 cujus
758 5115 859 5191 verba
882 5115 982 5191 refert
1004 5139 1091 5194 tom.
1235 5119 1356 5192 Biblia
1383 5125 1420 5192 r‘rr
1452 5117 1486 5190 8.
1521 5121 1673 5193 Veneriis
1688 5142 1750 5212 par
1771 5119 1952 5192 Gcrsorrerrt

298 5229 315 5300 1
345 5250 379 5332 p·
409 5250 486 5322 45,
516 5249 664 5303 nostram
695 5225 783 5302 hanc
813 5227 996 5304 editionem
1019 5253 1091 5304 rne-
1151 5251 1239 5303 arro
1271 5233 1830 5318 CCXXVI,Chr.MccccaXV1.

183 5344 189 5353 '
292 5361 413 5424 ,morat
441 5337 644 5419 Maittairius
665 5339 699 5415 in
731 5337 921 5418 Annalibus
950 5365 1091 5449 typogr.
1237 5343 1276 5417 In
1306 5367 1383 5417 mss.
1413 5338 1482 5418 suis
1510 5340 1775 5418 Commentariis
1802 5365 1954 5417 comme·

299 5473 384 5568 tom,
411 5471 448 5524 v,
467 5473 564 5562 parto
593 5455 608 5526 1
636 5477 676 5560 p..
705 5477 805 5554 535.
834 5458 880 5536 At
909 5477 990 5532 tero
1019 5479 1088 5531 non
1150 5477 1263 5530 morat
1299 5447 1415 5531 Ottius
1452 5477 1487 5530 ct
1521 5475 1567 5530 ex
1604 5454 1701 5584 Orqio
1743 5451 1775 5530 le
1802 5455 1954 5564 Longius

1667 5611 1706 5652 20
