5146 7094
667 717 717 792 88
1088 709 1457 790 ANNALnS
1515 715 1869 790 Heu-Ture

891 891 1013 973 Mcc
1021 892 1050 972 C
1060 894 1088 970 C
1095 894 1135 968 Χ
1144 895 1173 972 C
1180 893 1236 968 11
1513 915 1631 980 cense,
1668 887 1765 1000 quod
1810 883 1966 967 Maschio
2017 907 2102 966 teste
2146 908 2304 966 numerat

1005 1065 1118 1138 XLI
1519 1032 1623 1092 220,
1666 1003 1754 1083 sorte
1784 1003 1863 1081 bina
1900 1003 1964 1080 alia
2003 1002 2080 1078 alba
2124 1002 2157 1080 iu
2190 1001 2332 1104 medio

1515 1119 1571 1198 vel
1608 1115 1651 1194 ad
1691 1117 1819 1196 calcem
1849 1118 1988 1208 inserit,
2026 1141 2116 1221 quae
2162 1117 2196 1191 in
2228 1141 2307 1192 meo

738 1235 988 1314 Pentateuchut
1016 1257 1091 1306 cum
1125 1233 1378 1336 uMegutttoeu
1399 1259 1457 1310 teu
1513 1231 1703 1339 exemplari
1743 1257 1811 1307 nou
1840 1255 1985 1307 extant.
2029 1235 2185 1340 Integrae
2227 1250 2308 1305 sunt

666 1357 768 1454 sacrt's
804 1350 1064 1434 Volumim'ltus,
1093 1371 1125 1420 ct
1154 1347 1370 1444 Aphtathtlt,
1397 1373 1455 1424 sau
1513 1345 1673 1455 paginae,
1705 1345 1810 1422 titulis
1838 1346 2047 1434 instructae,
2074 1341 2133 1420 sed
2164 1367 2234 1417 uon
2256 1341 2303 1419 si·

665 1467 912 1558 Prophetarum
941 1463 1157 1548 lectionibus,
1186 1468 1221 1532 t'n
1244 1486 1281 1554 4.
1302 1467 1382 1534 min.
1403 1467 1456 1535 ael
1512 1457 1691 1569 gnaturis,
1725 1458 1824 1536 lineis
1857 1461 1905 1534 26
1936 1481 2154 1545 constantes,
2184 1455 2309 1532 chara-

669 1577 704 1648 8.
732 1583 878 1652 Brixiae
907 1601 994 1648 antro
1037 1583 1117 1648 min.
1154 1597 1289 1668 suppar.
1329 1591 1453 1666 ecurt,
1511 1597 1583 1650 cter
1612 1571 1722 1650 minor
1754 1599 1816 1650 nec
1854 1569 2025 1680 inelegans
2054 1589 2150 1647 cum·
2169 1569 2305 1678 punctis

667 1695 792 1767 Christi
819 1706 1048 1762 mccccxcrr.
1512 1710 1547 1764 et
1575 1687 1796 1780 accentibus,
1835 1686 1988 1792 exceptis
2027 1683 2212 1760 initialibus
2248 1707 2307 1757 se·

750 1801 895 1878 Nonnisi
924 1799 1061 1875 unicum
1089 1796 1174 1875 olim
1203 1793 1365 1875 editionis
1392 1795 1457 1874 hu·
1510 1801 1716 1878 ctionumac
1734 1799 1948 1880 voluminum
1966 1796 2198 1926 dictionibus,
2214 1821 2304 1927 qpae

664 1918 719 2020 jus
747 1937 920 1991 extremae
951 1913 1112 2001 raritatis,
1140 1934 1176 1988 et
1203 1911 1331 1989 Wolfio
1360 1939 1400 1988 ac
1421 1913 1455 1988 le
1512 1914 1699 2045 majoribus
1728 1940 1875 1992 excusae
1896 1937 1975 1991 sunt
1998 1912 2111 2020 typis
2140 1911 2247 1988 Sub
2239 1909 2304 1986 rni-

663 2027 835 2136 Longio
827 2025 1058 2135 ignotissimae
1088 2049 1209 2103 notum
1237 2048 1308 2104 erat
1338 2051 1456 2101 enem-
1512 2028 1599 2104 tium
1642 2025 1851 2134 reliquorum
1879 2029 2049 2105 librorum
2078 2021 2305 2100 Pentateuchi

664 2142 763 2248 plar,
798 2138 953 2271 illudque
981 2141 1223 2228 chartaceum,
1258 2136 1355 2245 quod
1384 2143 1456 2215 Ca-
1510 2140 1631 2250 ingens
1668 2167 1817 2218 vacuum
1856 2144 2005 2250 spatium
2044 2137 2201 2216 relictum
2232 2159 2306 2223 est,

663 2254 875 2332 rolisruhae'
867 2282 900 2329 rn
920 2252 1128 2331 bibliotheca
1145 2251 1349 2331 marehtoms
1363 2255 1454 2328 Dur
1512 2277 1551 2330 nt
1579 2253 1721 2331 initialia
1749 2280 1868 2332 eorum
1903 2255 2071 2334 vocabula
2104 2249 2304 2356 majusculis

664 2366 806 2445 lacensis
834 2367 1056 2456 servabatur,
1081 2395 1127 2444 ex
1156 2395 1226 2474 quo
1257 2371 1331 2473 ejus
1359 2366 1454 2442 noti·
1509 2367 1704 2474 ornatisque
1732 2367 1872 2457 litteris,
1899 2394 1938 2448 ut
1960 2369 1994 2445 in
2013 2366 2140 2445 Genesi
2170 2364 2302 2442 factum

662 2484 745 2558 tiam
776 2483 810 2556 in
845 2485 914 2556 Ten
944 2487 1083 2558 Annua!
1112 2488 1281 2558 Accounts
1311 2506 1345 2585 p·
1375 2505 1448 2556 102
1507 2482 1640 2567 fuerat,
1669 2481 1971 2590 imprimerentur,
2000 2481 2055 2560 vel
2087 2502 2303 2587 praerupto·

663 2619 697 2672 et
735 2623 808 2691 104
827 2593 933 2670 dedit
972 2597 1225 2683 Kennicottus,
1262 2593 1450 2700 pleniorem
1508 2622 1586 2672 rum
1615 2592 1754 2673 arbitrio
1781 2624 1821 2673 ac
1851 2597 2027 2674 voluntate
2048 2619 2156 2671 manu
2179 2619 2218 2669 ac
2242 2591 2307 2666 mi·

662 2734 746 2786 tero
775 2708 1012 2808 recensionem¹
1036 2711 1070 2785 in
1100 2708 1186 2784 Bibl.
1214 2733 1306 2784 sacra
1328 2714 1448 2784 toml
1507 2708 1565 2785 nio
1612 2707 1855 2818 pingerentur.
1899 2711 2024 2788 Divina
2068 2707 2208 2784 nomina
2243 2731 2305 2812 per

663 2850 698 2929 p.
728 2825 779 2920 67
811 2822 855 2900 31.
884 2821 1080 2898 masenius.
1118 2827 1250 2898 Verum
1278 2824 1347 2924 jam
1383 2821 1451 2898 ob-
1507 2819 1648 2910 daleth,
1677 2847 1715 2898 ut
1744 2828 1778 2902 in
1812 2825 1950 2935 integris
1979 2820 2213 2900 Brixiensibus
2243 2819 2305 2895 Bi-

662 2936 872 3014 servavimus
901 2935 934 3010 in
967 2941 1141 3043 hpparatu
1175 2934 1454 3014 hebraeo—bibli·
1510 2936 1607 3025 bliis,
1635 2939 1899 3041 exprimuntur,
1927 2935 2004 3015 keri
2032 2931 2278 3044 plerumque
2268 2959 2303 3007 tn

662 3075 768 3182 cop
808 3075 868 3179 53
889 3048 1187 3126 membranaceum
1225 3045 1317 3124 aliud
1326 3075 1454 3168 quan·
1510 3073 1645 3128 textum
1675 3075 1876 3163 receptum,
1915 3053 2068 3155 haecque
2098 3047 2142 3124 ad
2172 3049 2301 3125 calcem

661 3163 741 3240 tivis
769 3163 871 3269 pretii
898 3160 1092 3238 felicissimo
1120 3185 1246 3240 eventu
1276 3187 1338 3236 nos
1326 3131 1455 3238 bien·
1509 3164 1675 3285 subjecta
1705 3165 1917 3277 typographi
1958 3189 2063 3240 notat
2100 3159 2140 3238 33
2169 3162 2305 3240 :thum

662 3277 723 3351 nio
751 3301 829 3351 ante
869 3301 987 3352 nactos
1025 3276 1203 3364 fuisse,
1194 3275 1452 3382 integerrimum
1510 3303 1626 3357 'tumn
1655 3268 1792 3359 31333333
1824 3302 1935 3356 amam
1962 3299 1986 3353 ῃ
2014 3273 2130 3353 main
2162 3270 2307 3352 ,72me

663 3413 698 3468 et
726 3387 1037 3496 elegantissimum,
1063 3388 1158 3496 quod
1190 3387 1380 3498 pertinebat
1409 3389 1454 3466 ad
1510 3415 1556 3473 33
1582 3415 1666 3473 333333
1695 3415 1749 3473 ’33
1776 3413 1943 3472 3333333333
1964 3388 2097 3468 3333333
2128 3411 2204 3468 uun
2234 3406 2305 3468 ὒν

663 3503 832 3610 insignem
861 3499 1104 3579 bibliothecam
1123 3503 1360 3579 Cornelianum
1392 3508 1454 3580 Pa·
1511 3529 1623 3586 3333
1650 3529 1740 3588 nnn
1778 3529 1935 3586 33333333
1973 3525 2128 3584 :tronus
2157 3523 2304 3578 3333333333

663 3617 750 3692 tavii
782 3618 959 3722 postremis
1010 3615 1104 3692 hisce
1143 3613 1353 3748 temporibus
1392 3611 2309 3719 311-3333333333333333333333333333

662 3754 820 3808 structam
850 3755 891 3806 ac
918 3726 1207 3824 divenditam,
1177 3757 1280 3847 etque
1309 3733 1450 3811 tertium
1507 3759 1547 3815 *r
1566 3733 1610 3822 33
1638 3737 1702 3815 313
1729 3736 1794 3814 mt'
1795 3757 1897 3812 tnta
1912 3753 2107 3812 33333333
2058 3727 2208 3808 333333
2227 3751 2306 3804 nnn

662 3847 766 3920 etiarn
810 3845 1107 3924 membranaceum
1152 3871 1269 3956 postea
1311 3871 1449 3926 erutum
1503 3847 1567 3930 h'ut
1590 3873 1690 3931 rouro
1716 3849 1792 3928 'ian
1814 3869 1852 3943 33
1872 3868 1984 3926 :una
2011 3863 2197 3942 :appiam
2224 3861 2301 3923 3333

662 3985 702 4034 33
722 3985 884 4065 qttattum
906 3963 1143 4048 clrartadeum,
1172 3961 1231 4038 sed
1262 3987 1449 4068 utrumque
1505 3963 1596 4058 ’3333
1622 3985 1704 4041 333’3
1732 3987 1817 4041 :atet
1859 3985 1898 4038 33’
1898 3959 1987 4040 'soto
2027 3978 2088 4037 333
2119 3955 2220 4034 33333
2248 3973 2304 4036 vat
2415 4054 2419 4062 .

663 4073 850 4164 mutilum,
872 4077 1070 4152 accessisse.
1099 4075 1211 4152 Prima
1235 4079 1355 4185 pagina
1376 4074 1450 4204 pti·
1506 4075 1563 4158 333
1595 4101 1695 4172 33333
1723 4075 1866 4170 3333333333
1894 4095 1974 4172 impu
2013 4093 2115 4150 33333
2155 4123 2178 4159 ,,
2208 4067 2308 4145 Fini·

661 4214 757 4264 mum
787 4188 929 4264 exhibet
959 4193 1132 4266 Geneseos
1161 4189 1424 4266 vocabulum
1400 4214 1452 4266 tr-
1510 4217 1585 4270 tum
1614 4215 1807 4268 astantem
1837 4191 2035 4267 uuiversum
2063 4209 2176 4292 opus,
2212 4207 2304 4288 opus

662 4301 724 4378 tuli
756 4300 863 4378 veluti
892 4303 970 4378 loco
1001 4304 1220 4408 praemissum
1250 4330 1345 4380 sacro
1374 4325 1449 4378 tex·
1506 4307 1668 4393 Domini,
1696 4310 1821 4380 etLex
1842 4309 1940 4408 eJus,
1964 4304 2037 4376 Lex
2058 4295 2200 4371 Domini
2225 4321 2305 4400 per·

663 4416 738 4502 tui,
767 4441 806 4490 ac
830 4415 1028 4520 majusculis
1047 4415 1241 4521 ornatisque
1271 4439 1447 4502 exaratum
1506 4417 1594 4495 fecta
1625 4443 1690 4494 una
1719 4443 1801 4493 cum
1830 4441 1856 4488 v
1886 4409 2093 4519 Meghillbth
2128 4431 2163 4485 et
2195 4408 2304 4514 Aph-

660 4527 801 4610 litteris,
830 4524 1013 4633 ligneoque
1041 4553 1246 4606 ornamento
1284 4555 1387 4636 supra
1415 4551 1449 4602 et
1507 4531 1619 4608 tarbth
1658 4527 1846 4606 secundum
1886 4528 1989 4604 ritum
2027 4521 2176 4599 filiorum
2215 4519 2298 4598 fidei

661 4637 747 4715 infra
775 4637 962 4743 stipatum.
1003 4643 1102 4738 Quae
1131 4639 1175 4714 de
1203 4639 1318 4717 colore
1348 4639 1451 4716 rubro
1508 4668 1640 4720 nostrae
1671 4646 1922 4719 Germanorum
1944 4663 1978 4716 et
2002 4635 2212 4722 Gallorum,
2238 4635 2307 4708 ho·

663 4775 757 4833 notat
801 4751 997 4837 Maschius,
1036 4778 1074 4827 ea
1102 4753 1232 4830 'solum
1273 4751 1449 4858 exemplar
1508 4755 1565 4832 die
1593 4753 1719 4830 feriata
1741 4753 1797 4831 die
1827 4778 1926 4831 xxrv
1955 4751 2080 4826 mensis
2100 4747 2214 4824 scebat
2235 4775 2305 4824 an-

661 4865 869 4942 Durlacense
899 4864 1105 4970 respiciunt,
1136 4867 1169 4941 in
1199 4892 1271 4971 quo
1299 4864 1392 4942 color
1412 4865 1451 4940 il·
1509 4895 1555 4942 no
1598 4891 1693 4943 33333
1732 4869 1813 4943 min.
1841 4888 2018 4972 supputat.
2055 4862 2113 4938 hic
2142 4862 2307 4950 Brixiae,

661 4977 695 5053 le
724 4977 844 5054 litteris
874 4978 927 5053 vel
957 4979 1133 5053 ornatibus
1161 5006 1263 5086 super
1294 4979 1452 5056 inductus
1508 5006 1596 5085 quae
1625 5004 1679 5057 est
1706 4981 1771 5058 sub
1800 4977 1957 5055 dominio
1986 4975 2209 5082 Reipublicae
2230 4979 2303 5050 Ve-

662 5117 734 5181 333,
773 5115 842 5164 non
872 5115 1008 5176 nostra,
1045 5115 1155 5195 quae,
1198 5117 1234 5167 ut
1266 5119 1339 5168 mos
1368 5093 1453 5168 fere·
1512 5117 1634 5181 netae,
1662 5096 1758 5193 cujus
1789 5098 1946 5195 majestas
1975 5089 2168 5175 exaltetur,
2196 5095 2308 5195 opera

662 5203 722 5281 hat
765 5202 988 5280 Soncinat'um
1031 5204 1356 5312 typographorum,
1397 5203 1453 5280 ni-
1510 5205 1642 5280 minimi
1672 5205 1971 5314 typographorum
2002 5207 2147 5278 Gersom
2168 5200 2227 5276 filii
2255 5226 2315 5276 sa·

663 5318 848 5426 gerrimum
869 5318 925 5392 hic
943 5341 1169 5393 atramentum
1204 5317 1451 5424 praeseferunt.
1511 5317 1635 5424 pientis
1664 5321 1704 5394 R.
1734 5319 1839 5395 Mosis
1869 5317 1925 5392 fel.
1969 5343 2101 5406 metm,
2130 5339 2174 5391 ex
2203 5314 2311 5390 semi·

663 5429 837 5509 Praecedit
866 5431 986 5510 folium
1016 5431 1158 5516 album,
1193 5459 1264 5536 quo
1294 5457 1455 5506 numera·
1511 5457 1553 5506 ne
1585 5433 1713 5524 lsrael,
1753 5430 1817 5506 viri
1855 5430 2069 5518 sarcinatis,
2107 5432 2207 5530 cujus
2236 5455 2308 5503 co-

664 5567 701 5621 to
730 5569 808 5623 sunt
836 5544 995 5624 editionis
1023 5544 1103 5622 folia
1137 5547 1236 5635 218,
1263 5571 1304 5623 ac
1335 5545 1456 5621 Duria·
1511 5569 1663 5652 gnomen
1713 5544 1904 5656 germanice
1950 5539 2093 5620 dicitur¹
2123 5541 2305 5620 Mentzlan
