5222 7090
804 669 880 742 DE
917 665 1055 744 1158?
1084 673 1200 748 Tl'P.
1239 671 1486 748 0111011111,
1544 731 1547 736 .
1880 689 1966 746 1111!

319 865 539 968 peroptata
562 840 637 930 diu
659 839 761 931 mihi
781 841 978 966 objicitur
999 839 1115 934 illius
1172 849 1317 966 ptam,
1361 843 1414 932 in
1463 841 1596 933 altera
1645 843 1967 956 continuatam.

318 968 598 1094 acquirendae
625 972 809 1078 occasio,
852 975 979 1061 immo
1014 1004 1115 1062 vero
1172 967 1325 1098 Itaque
1366 973 1412 1060 in
1444 1003 1598 1062 annum
1638 969 1751 1061 hunc
1791 1004 1964 1098 graecae

237 1093 241 1101 ⁴
321 1128 365 1190 et
397 1096 640 1221 acquirendi
659 1094 788 1190 Psalt.
820 1101 1026 1224 ipsissimo
1046 1131 1116 1188 an·
1170 1097 1482 1226 typographiae
1515 1098 1754 1224 primordiis
1786 1103 1866 1218 jam
1899 1133 1965 1192 ce·

318 1259 376 1316 no
409 1224 536 1316 editi.
580 1223 683 1316 Non
717 1260 804 1317 uno
837 1231 1006 1354 itaque,
1039 1226 1111 1318 sed
1168 1226 1460 1339 leherrimum,
1494 1231 1618 1317 etiam
1639 1227 1859 1320 hebraicae
1879 1233 1963 1320 ori·

316 1352 486 1446 duobus
534 1351 655 1442 libris
705 1358 979 1479 posteriorem
1023 1387 1112 1447 esse
1167 1357 1308 1482 ginem
1358 1350 1617 1446 referendam
1669 1353 1866 1447 duximus
1917 1359 1962 1446 in
2101 1447 2105 1454 ,

316 1485 547 1574 certissimo
590 1481 693 1572 mihi
733 1511 981 1610 argumento
1011 1515 1112 1574 con·
1168 1483 1292 1573 Com.
1318 1482 1372 1574 de
1404 1511 1499 1608 typ.
1533 1477 1959 1574 hebraeo-ferrarien·

315 1613 423 1701 stitit
467 1607 828 1702 Plebisaccensem
871 1611 986 1702 illam
1019 1611 1111 1702 edi·-
1151 1615 1202 1730 ‘si
1235 1645 1360 1736 quem
1396 1609 1566 1702 Parmae
1608 1609 1814 1702 edidimus
1847 1645 1983 1750 arnnoJ

317 1741 503 1845 tionem,
536 1741 605 1828 cui
631 1741 843 1832 communi
869 1766 966 1864 post
986 1737 1112 1832 Wol·
1173 1737 1322 1853 1780.
1356 1739 1507 1863 Atque
1528 1742 1572 1827 in
1593 1767 1738 1829 nostro
1758 1737 1839 1830 hoc
1862 1745 1960 1864 qui·
1977 1745 1986 1790 ”

315 1863 419 1957 lium
451 1865 613 1992 judicio
651 1871 777 1992 primi
810 1864 1111 1959 deferebantur
1166 1867 1261 1960 dem
1307 1865 1468 1992 judicio
1511 1871 1762 1990 posteriores
1802 1867 1961 1962 biblio·

316 1992 417 2085 heb.
451 2021 625 2122 typogr.
656 1994 860 2088 honores.
892 1995 1109 2116 Quamob
1164 1993 1314 2122 graphi
1347 1999 1684 2122 acquieverunt.

314 2153 401 2214 rem
434 2156 563 2246 quum
593 2155 680 2212 non
713 2152 875 2216 extaret
901 2123 1110 2216 detectus·
1473 2185 1504 2312 s
1567 2221 1659 2280 w

350 2283 400 2342 ue
432 2274 536 2342 esset
580 2249 690 2341 liber
722 2251 806 2342 hoc
854 2249 1109 2343 Gersonidis
1240 2267 1261 2286 ““

242 2421 244 2426 .
315 2285 632 2468 &mentatio
655 2382 891 2503 antiquior,
912 2413 1007 2470 eum
1029 2413 1107 2470 nos
1164 2359 1224 2430 De
1251 2357 1325 2490 leb.
1340 2397 1345 2407 ·
1359 2359 1589 2490 firmanorum
1625 2362 1797 2450 tpecr‘mr'nc
1825 2362 1859 2430 in
1887 2359 1959 2432 Et-

317 2503 420 2595 olim
455 2532 658 2629 tamquam
691 2510 870 2629 primum
902 2505 1003 2596 heb·
1038 2537 1110 2631 ty·
1231 2469 1508 2563 langenertgri
1539 2469 1650 2542 Tract.
1679 2493 1730 2540 an.
1767 2489 1890 2564 1475.

316 2632 579 2758 pographiae
611 2627 771 2725 foetum
803 2635 1110 2725 constituimus.
1262 2635 1481 2756 Quaedam
1522 2663 1662 2728 autem
1701 2637 1831 2729 verba
1873 2641 1956 2763 jam

1167 2795 1279 2854 anno
1302 2797 1436 2887 praec.
1460 2787 1574 2879 1475
1606 2767 1650 2853 in
1672 2761 1797 2889 Nigri
1817 2765 1958 2874 Tract.

637 2822 677 2950 ς’
729 2857 794 2918 ³¹
850 2999 858 3016 .
1088 2969 1090 2974 .
1167 2919 1310 2982 contra
1324 2887 1510 2985 ludaeos
1529 2889 1728 3016 Eslingae
1747 2923 1823 3017 per
1838 2891 1961 2983 Con-

315 2995 390 3069 Iac.
420 2995 479 3065 ben
509 2995 612 3068 Atclr
641 2995 752 3080 oracla
781 2993 906 3090 chelim
944 2994 1111 3071 Mantuae
1166 3019 1313 3110 tadum
1347 3015 1491 3148 pyner
1521 3053 1574 3112 eo
1605 3053 1719 3110 anno
1737 3021 1855 3110 edito
1882 3021 1956 3110 he·

428 3130 574 3180 ‘'mm“
602 3130 656 3178 Μ’
693 3105 796 3204 ¹476
826 3110 995 3181 ‘imm'
1164 3148 1303 3239 braice
1319 3175 1659 3272 comparuerant.
1681 3145 1733 3237 In
1750 3148 1827 3240 hac
1845 3173 1958 3238 nam·'

407 3271 492 3367 Sed
525 3276 648 3366 brevi
682 3275 879 3367 mutanda
911 3271 993 3365 fuit
1013 3307 1109 3367 sen·
1164 3310 1248 3401 que
1292 3281 1437 3366 rariori
1482 3275 1671 3368 editione
1701 3305 1956 3402 quamquam

313 3406 468 3496 tentia.
510 3400 676 3495 Etenim
711 3437 843 3530 quum
876 3435 942 3494 an.
984 3399 1104 3518 1778
1163 3401 1358 3494 hebraica
1400 3404 1540 3495 latinis
1573 3402 1725 3496 litteris
1764 3403 1959 3496 indicen-

313 3530 1107 3659 investigandarumantiquissimarum
1165 3559 1258 3642 tur,
1300 3559 1349 3623 ut
1392 3533 1541 3623 titulus
1592 3536 1757 3644 innuit,
1799 3565 1955 3623 nomen

264 3671 266 3680 “
313 3661 549 3752 editionum
568 3691 616 3752 ac
637 3692 730 3750 mss.
761 3658 956 3752 codicum
990 3692 1109 3750 caus·
1165 3686 1303 3752 tamen
1337 3657 1425 3750 Dei
1452 3651 1671 3752 ineffabile
1698 3686 1796 3768 nur,
1825 3660 1953 3751 binae

312 3821 357 3878 sa
390 3786 569 3880 Romam
603 3814 810 3911 peterem,
844 3791 1022 3912 primum
1046 3790 1108 3879 vi·
1162 3790 1319 3910 primae
1351 3786 1572 3882 Geneseos
1598 3788 1806 3882 dictiones
1825 3811 1956 3870 maun

313 3915 359 4005 di
406 3918 452 4006 in
502 3914 767 4006 bibliotheca
808 3913 1105 4026 Casanatensi‚
1162 3937 1226 3994 sn
1252 3943 1293 4004 et
1314 3915 1368 4006 ad
1388 3915 1542 4008 calcem
1562 3916 1832 4038 alphabetum
1854 3916 1954 4010 heb.

311 4042 470 4135 deinde
492 4074 596 4132 veto
618 4045 827 4170 acquisivi
848 4041 972 4134 binos
992 4047 1105 4168 prio·
1162 4041 1361 4132 hebraico
1370 4042 1606 4136 charactere
1623 4073 1818 4168 expressa
1834 4068 1956 4158 sunt,

244 4258 248 4291 γ,
312 4203 379 4262 res
410 4165 600 4262 Ordines
638 4167 697 4262 R.
728 4165 821 4266 Jac.
852 4168 939 4260 ben
972 4166 1107 4261 Ascdr
1162 4165 1334 4264 Wolfio
1360 4196 1468 4260 teste
1491 4175 1565 4295 qui
1586 4167 1678 4263 fuse
1704 4169 1858 4260 librum
1886 4169 1958 4262 de·

312 4328 434 4392 antea
478 4301 751 4424 incognitos,
790 4331 969 4424 quorum
1002 4297 1106 4388 alter
1162 4298 1308 4389 scribit
1339 4295 1393 4390 Τ.
1426 4329 1456 4386 ιι
1486 4331 1584 4423 pag.
1622 4319 1766 4413 1115.
1799 4297 1956 4419 Quam-

310 4459 383 4520 seu
429 4423 578 4519 Orach
619 4425 777 4554 chajim
809 4423 1018 4518 Mantuae
1050 4426 1107 4518 ab
1161 4425 1306 4516 obrem
1326 4423 1410 4524 hoc
1430 4451 1641 4552 tamquam
1661 4429 1835 4550 primurn
1856 4425 1955 4516 heb.

311 4554 431 4646 Aba·
456 4553 628 4646 Conato
661 4587 728 4645 an.
765 4552 886 4669 1476
921 4583 1007 4646 erat
1036 4587 1105 4644 ex·
1162 4555 1449 4645 characterum
1494 4557 1704 4678 specimen
1745 4587 1768 4644 a
1811 4553 1954 4645 multis

266 4677 270 4694 ¹
311 4715 453 4790 cesus,
486 4682 593 4775 alter
625 4679 729 4778 ‚loris
754 4679 864 4773 dehh
894 4679 1107 4774 Ferrariae
1162 4681 1352 4772 habitum
1385 4689 1479 4795 est,
1519 4680 1675 4808 hicque
1707 4679 1815 4772 liber
1849 4709 1955 4772 tam-

310 4811 458 4934 paullo
478 4835 577 4936 post
603 4808 659 4902 ab
679 4807 787 4900 Abr.
808 4809 893 4902 ben
912 4808 1107 4934 Chajlm,
1161 4843 1287 4934 quam
1321 4817 1506 4902 omnium
1540 4811 1698 4934 primus
1730 4812 1892 4938 inquo
1924 4815 1955 4902 ii

311 4968 491 5063 uterque
522 4936 666 5028 eadem
697 4933 829 5030 forma
871 4938 1105 5062 iisdemque
1165 4940 1245 5028 visi
1287 4933 1467 5028 fuerint.
1516 4935 1639 5030 Haec
1679 4935 1825 5029 eadem
1858 4938 1956 5029 heb.

310 5067 383 5156 vel
414 5064 620 5158 similibus
661 5069 778 5193 typis
817 5094 865 5187 nt
905 5065 1106 5158 dubitan·
1161 5065 1367 5156 elementa
1400 5065 1570 5158 duobus
1602 5094 1697 5190 post
1730 5069 1850 5190 annis
1884 5071 1957 5158 ite·

309 5192 413 5284 dum
444 5226 534 5284 non
577 5221 709 5301 esset,
752 5197 859 5320 quin
882 5192 946 5286 ‘ad
979 5225 1103 5284 unam
1160 5225 1254 5284 rum
1296 5191 1485 5284 adhibita
1523 5220 1621 5284 sunt
1662 5197 1706 5283 in
1738 5197 1794 5318 e'j
1826 5191 1952 5318 Nigri

309 5319 572 5448 eandemque
603 5322 835 5415 editionem
866 5321 994 5413 ambo
1013 5353 1105 5445 per·
1160 5319 1296 5411 Stella
1345 5318 1527 5413 Messias
1567 5354 1676 5447 quae
1720 5324 1765 5409 iu
1808 5321 1951 5413 eadem

310 5449 524 5566 timerent,
572 5455 620 5542 in
659 5484 743 5544 una
792 5451 974 5546 civitate
1005 5481 1103 5543 cue-
1159 5445 1264 5540 urbe
1284 5451 1520 5574 germanice
1553 5449 1712 5574 prodiit
1728 5479 1795 5538 an.
1817 5469 1953 5564 1477.
