5222 7090
856 659 1456 786 ‘nauseatus
1793 629 1795 634 ’
1918 687 1970 762 77

330 863 370 920 ce
399 838 455 915 vel
495 837 561 916 alio
584 832 691 914 'libro
735 835 895 914 ridentur
935 866 954 915 a
987 841 1122 914 Marino
1178 864 1226 916 est
1255 865 1370 916 textus
1400 841 1568 930 biblicus,
1597 836 1654 915 vel
1683 835 1728 917 de
1769 865 1867 916 sacro
1897 865 1974 916 tert-

330 953 466 1028 addita.
508 957 686 1058 Perperam
716 975 831 1028 autem
876 979 920 1029 ert
950 952 1014 1028 hac
1043 956 1121 1058 epi·
1178 977 1241 1029 tu.
1282 953 1387 1053 Quod
1429 955 1585 1062 profecto
1621 952 1770 1028 ostendit
1800 980 1868 1029 non
1899 953 1983 1060 pri-‚

329 1065 462 1174 graplte
491 1066 669 1143 concludit
707 1065 915 1172 Capelianus
951 1093 986 1173 p.
1020 1069 1122 1168 308.
1178 1093 1276 1142 mum
1307 1095 1369 1143 nec
1407 1067 1522 1142 solurn
1570 1065 1673 1143 fuisse
1713 1069 1905 1158 Latefium,
1936 1089 1975 1144 ut

328 1179 577 1268 „Samuelem
620 1205 689 1256 uon
730 1206 850 1255 ausum
882 1180 1034 1288 quidem
1080 1207 1121 1257 ea
1178 1181 1358 1287 hucusque
1386 1181 1556 1257 creditum
1578 1204 1660 1270 est,
1694 1182 1756 1286 qui
1785 1181 1862 1258 illos
1892 1207 1975 1258 ver-

328 1290 373 1367 de
403 1290 519 1368 medio
558 1292 676 1369 tollere
720 1297 858 1400 penitus
896 1296 929 1370 in
968 1292 1120 1372 editione
1176 1321 1235 1371 sus
1262 1293 1432 1370 detexerit
1472 1321 1512 1370 ac
1543 1293 1776 1400 produxerit,
1814 1293 1875 1370 sed
1903 1303 1977 1396 jam

329 1403 386 1480 illa
416 1407 662 1513 Neapolitana,
706 1407 765 1482 sed
794 1409 839 1486 ad
881 1409 1011 1484 calcem
1041 1408 1119 1516 libri
1176 1406 1312 1484 dudum
1334 1431 1410 1482 ante
1440 1405 1553 1513 ipsum
1575 1432 1594 1480 a
1618 1409 1720 1484 saetis
1740 1406 1868 1484 criticis
1894 1405 1978 1484 fuis·

329 1521 506 1621 rejecisse,
546 1547 589 1598 ne
627 1520 801 1599 sustulisse
838 1521 1035 1612 videretur,
1065 1529 1123 1602 lu·
1178 1547 1214 1598 se
1244 1519 1517 1598 animadversos.
1546 1518 1679 1627 Singuli
1711 1521 1827 1598 etiam.
1846 1547 1892 1598 ert
1915 1547 1977 1596 an·

329 1633 432 1708 daeos
462 1661 543 1710 reto
583 1635 667 1711 alios
696 1635 757 1741 qni
797 1633 1008 1712 adornarunt
1038 1633 1120 1712 alias
1178 1639 1273 1741 tiqua
1318 1661 1421 1711 manu
1468 1633 1522 1710 vel
1572 1633 1722 1710 scribae
1748 1631 1880 1738 ipsius,
1919 1633 1977 1712 vel

329 1745 497 1822 editiones
542 1772 602 1824 aut
643 1747 709 1824 illis
761 1749 1008 1855 praefuerunt,
1045 1775 1120 1823 nort
1179 1775 1304 1824 coaeva
1335 1748 1487 1824 annotati
1510 1747 1727 1855 reperiuntur
1746 1748 1812 1824 sub
1836 1749 1974 1825 initium

330 1857 503 1937 dubitasse
555 1887 592 1936 ea
632 1889 701 1937 non
742 1887 875 1940 tantum
913 1863 958 1938 de
1002 1885 1121 1949 textu,
1177 1861 1306 1938 codicis
1335 1863 1403 1938 mei
1435 1887 1537 1960 511,
1575 1861 1635 1966 qtti
1676 1859 1846 1936 ineditum
1887 1861 1977 1938 sistit

330 1971 390 2048 sed
420 1974 523 2050 etiam
552 2000 571 2051 e
602 2001 675 2052 toto
703 1975 792 2053 libro
822 2004 960 2083 prorsus
979 1977 1123 2078 ejicere,
1178 1976 1443 2084 grammaticum
1488 1979 1529 2049 R.
1567 1973 1707 2080 Iosephi
1754 1977 1844 2052 Sarlt
1886 2002 1976 2082 opus

330 2087 376 2162 ita
407 2109 443 2162 ut
472 2087 579 2163 hodie
618 2117 685 2165 non
724 2117 944 2198 compareant
974 2088 1123 2195 amplius
1178 2087 1299 2170 tabita
1327 2111 1386 2178 an,
1428 2088 1635 2195 etquidem
1671 2114 1751 2164 cum
1781 2087 1849 2164 suis
1879 2088 1974 2165 radi-

303 2197 366 2272 -in
391 2197 1123 2310 impressis,quamvisinomuibtrscttetn-
1179 2202 1276 2279 cibus
1304 2228 1343 2279 ac
1382 2202 1480 2280 sacris
1518 2201 1632 2294 locis,
1670 2228 1753 2278 cum
1793 2202 1920 2306 quibus
1950 2202 1974 2278 ii

331 2311 484 2418 pluribus
515 2319 753 2422 manuscriptis
782 2343 825 2392 ert
857 2314 1057 2394 testimonio
1084 2314 1123 2389 il·
1181 2313 1344 2392 videntur
1390 2317 1547 2402 confusi,
1592 2343 1633 2392 ac
1684 2341 1754 2391 uno
1796 2341 1975 2419 praeterea

330 2424 396 2498 lius
424 2429 593 2503 Samuelis
623 2433 836 2536 reperiantur
865 2486 906 2519 „.
945 2436 1029 2505 Nam
1062 2428 1124 2502 hos
1181 2453 1279 2505 versu
1310 2431 1432 2535 quiin
1464 2454 1577 2507 nostra
1620 2427 1807 2536 epigraphe
1838 2429 1974 2505 omitti-

330 2563 450 2616 vetsus
479 2543 580 2615 etiam
611 2544 644 2615 in
676 2568 773 2617 textu
800 2567 917 2649 aperte
940 2540 1022 2649 legit
1038 2545 1123 2615 Nea·
1180 2565 1255 2628 tut,
1284 2543 1329 2617 ita
1361 2569 1398 2619 ut
1428 2569 1473 2619 ex
1512 2569 1550 2620 ea
1581 2567 1759 2651 perperam
1789 2545 1974 2646 coniiciun-

332 2651 481 2758 politana
512 2679 623 2730 nostra
654 2657 856 2742 editi0,nec
885 2682 924 2731 ea
954 2651 1122 2740 sola‚sed
1180 2675 1236 2728 tut
1265 2655 1448 2761 descripti.

280 2849 285 2862 ¹
332 2764 416 2840 aliae
446 2793 515 2844 uon
547 2795 696 2874 paucae,
729 2795 765 2846 ut
796 2771 935 2874 amiqua
965 2771 1037 2844 sine
1068 2793 1122 2842 att.
1260 2771 1452 2845 Consensus
1482 2795 1585 2876 porto
1624 2795 1701 2845 mss.
1729 2769 1892 2848 codicum
1921 2793 1972 2846 sat

330 2902 364 2954 et
383 2878 637 2990 loco,Neapol.
655 2883 829 2960 alternata.
857 2907 983 2981 1491,
1004 2879 1123 2956 CPoli·
1179 2905 1349 2987 superque
1377 2883 1590 2960 demonstrat
1608 2909 1677 2958 nou
1698 2909 1795 2988 posse
1824 2910 1883 2960 aut
1913 2884 1976 2960 de-

294 3087 299 3094 ·
331 3015 408 3067 tana
440 3020 562 3098 1513,
590 3024 628 3072 ac
657 2998 932 3088 Thessalonicen.
960 2993 1123 3069 Gersonis
1180 2991 1253 3070 beri
1292 2995 1529 3072 confusionem
1571 2996 1662 3072 hanc
1710 2997 1977 3076 amanuensium

331 3109 548 3197 Soncinatis,
585 3137 673 3216 quae
702 3137 821 3186 omnes
849 3108 941 3216 apud
974 3133 1035 3182 nos
1061 3131 1124 3182 ex·
1180 3106 1435 3214 negligentiae,
1468 3111 1526 3186 sed
1557 3109 1663 3214 ipsius
1684 3110 1849 3212 ‘Kimchii
1881 3111 1979 3186 obli-

330 3242 426 3295 tant.
452 3225 504 3295 Etr
534 3227 682 3329 antiquis
713 3223 765 3301 his
793 3221 1005 3300 editionibus
1032 3245 1121 3326 quae
1179 3218 1272 3296 vioni
1301 3249 1341 3298 ac
1369 3224 1552 3300 memoriae
1582 3223 1690 3328 lapsui
1720 3223 1885 3316 attribui,
1913 3227 1978 3330 qui
2019 3305 2023 3314 ,

331 3337 477 3410 Venetas
515 3361 792 3444 praecesserunt,
835 3337 929 3414 nulla
965 3335 1014 3410 ob
1043 3361 1120 3409 mss.
1178 3337 1304 3410 mirum
1335 3349 1504 3426 nonest,
1533 3336 1627 3442 quod
1658 3338 1766 3412 multa
1797 3363 1976 3414 sacrorum

330 3445 491 3524 codicum
520 3477 723 3529 consensum
753 3479 812 3530 eos
841 3475 957 3530 versus
986 3473 1006 3524 e
1035 3471 1121 3524 tert-
1178 3470 1337 3524 textuum
1369 3449 1474 3526 millia
1504 3477 1544 3525 ac
1569 3475 1670 3556 saepe
1701 3475 1814 3526 mente
1845 3453 1879 3526 in
1906 3451 1974 3528 hoc

332 3582 369 3636 tu
393 3563 523 3662 rejicit.
552 3567 631 3641 Sola
649 3563 988 3652 Thessalonicensis,
1015 3587 1120 3667 quam
1179 3557 1267 3636 libro
1297 3562 1493 3669 proferens,
1521 3564 1553 3639 in
1573 3567 1692 3671 paucis
1712 3566 1975 3671 caespitarent,

330 3671 519 3751 doctissimi
560 3679 683 3783 equitis
728 3680 862 3754 abbatis
902 3676 946 3752 de
986 3675 1121 3751 Calusio
1178 3701 1287 3778 quum
1317 3679 1354 3752 id
1396 3678 1540 3754 summis
1584 3677 1793 3784 quibuslibet
1834 3706 1874 3754 ac
1913 3677 1977 3753 do-

331 3785 538 3866 humanitati
578 3816 611 3867 et
641 3792 808 3868 amicitiae
838 3791 1029 3875 debemus,
1057 3787 1122 3864 ad-
1178 3790 1437 3868 ctioribusriris
1462 3791 1639 3871 rideamus
1667 3790 1843 3868 accidere.
1882 3791 1977 3869 Male

331 3923 427 3974 notat
455 3901 497 3977 ad
526 3905 712 4010 marginem
741 3926 830 3982 usna
857 3903 898 3979 tsi
926 3911 1008 3978 Non
1035 3929 1122 3996 repe·
1178 3924 1261 4008 ergo
1291 3902 1384 3979 hisce
1423 3904 1575 3981 versibus
1615 3932 1654 3980 ac
1693 3931 1827 3981 nostrae
1869 3905 1974 4009 hujus

331 4023 435 4088 titur.
464 4019 502 4090 ln
542 4015 582 4089 iis
609 4043 690 4092 sanc
721 4016 904 4093 referendis
945 4041 1013 4089 nort
1044 4039 1122 4088 mo-
1178 4014 1337 4090 editionis
1381 4016 1572 4124 epigraphe
1612 4016 1764 4093 abutitur
1791 4019 1972 4124 'Capella-

331 4123 379 4200 do
401 4153 616 4205 mssomnes
644 4130 779 4205 codices
808 4130 948 4215 Latefii,
979 4125 1033 4203 vel
1060 4127 1122 4231 qui
1179 4153 1264 4215 trus,
1307 4151 1345 4203 ut
1388 4157 1523 4206 sacrum
1555 4153 1689 4206 textum
1719 4132 1975 4235 corruptionis,

331 4242 403 4341 ejus
441 4239 551 4316 oculis
593 4243 884 4335 obversabantur,
927 4241 1122 4317 consentie-
1178 4239 1390 4347 ludaeosque
1420 4241 1529 4318 malae
1558 4240 1640 4318 fidei
1669 4267 1825 4318 accuset.
1867 4243 1974 4318 Vitli-

331 4351 436 4441 bant,
461 4354 521 4430 sed
551 4379 586 4431 et
629 4383 774 4446 omnes,
814 4383 901 4461 quos
929 4382 948 4432 e
977 4353 1114 4438 Gallia,
1178 4379 1253 4430 mus
1282 4378 1396 4430 autem
1425 4382 1501 4431 cam
1542 4354 1769 4462 epigraphem
1811 4355 1867 4433 vel
1909 4355 1975 4432 La:

330 4469 518 4572 Hispania,
543 4473 755 4561 Germania,
786 4471 878 4546 Italia
908 4469 952 4546 ad
982 4495 1017 4544 se
1039 4467 1127 4544 fuis.
1179 4467 1248 4544 tefii
1278 4467 1382 4547 rerba
1411 4467 1453 4545 ad
1492 4470 1619 4547 calcem
1656 4467 1816 4544 editionis
1846 4467 1972 4574 repeti·

332 4607 366 4656 se
396 4581 530 4658 delatos
566 4583 607 4660 ad
637 4586 765 4661 calcem
806 4606 948 4660 testatur
977 4582 1123 4660 Thessa·
1178 4583 1228 4670 ri,
1267 4582 1372 4688 idque
1408 4608 1526 4690 aperte
1554 4609 1589 4660 et
1628 4607 1787 4658 accurate
1817 4583 1974 4658 Marinus
2063 4639 2067 4648 .

330 4694 513 4772 lonicensis
541 4699 675 4786 editor,
697 4725 758 4774 nec
777 4698 985 4774 Sorbonicus
1012 4697 1126 4792 solus,
1183 4721 1218 4771 et
1247 4695 1451 4803 Capelianus
1477 4695 1812 4774 animadverterant.
1852 4697 1972 4772 Nescio

330 4836 437 4916 quem
472 4811 631 4917 producit
658 4812 883 4919 Capelianus,
911 4811 970 4887 sed
999 4837 1034 4889 et
1061 4837 1124 4886 no-
1180 4836 1264 4918 etgo
1293 4837 1353 4887 cut
1381 4811 1554 4917 scripserit
1584 4809 1729 4886 Wolfius
1757 4811 1791 4886 in
1824 4833 1973 4914 utroque

330 4922 390 4999 stri
420 4949 560 5011 omnes,
589 4953 733 5003 numero
751 4925 892 5030 quidem
912 4952 979 5000 non
1004 4923 1124 5031 pauci,
1180 4950 1286 5032 opere
1323 4927 1479 5030 superius
1515 4925 1638 5012 allato,
1674 4946 1733 5000 aut
1763 4921 1854 5000 unde
1882 4921 1974 4997 didi·

330 5064 421 5144 quos
449 5041 682 5127 contulimus,
711 5043 950 5127 consentiunt,
966 5044 1123 5146 quamvis
1178 5041 1261 5115 cetit
1278 5064 1318 5114 ea
1336 5037 1500 5116 haberiin
1518 5036 1752 5147 praefatione,
1771 5035 1827 5113 vel
1846 5059 1971 5142 prooe-

330 5152 398 5228 siut
430 5152 519 5228 inter
541 5153 654 5260 ipsos,
676 5155 737 5270 qqi
761 5154 848 5229 hanc
869 5153 1027 5230 lacunam
1050 5155 1123 5230 ani·
1180 5153 1271 5238 mio,
1300 5152 1394 5258 quod
1417 5156 1512 5259 operi
1537 5151 1715 5258 praefixit?
1744 5149 1903 5225 Vidimus
1921 5149 1969 5224 ob

334 5266 576 5343 madvettant.
624 5269 680 5343 Sic
719 5269 796 5344 cod.
840 5295 937 5343 meus
967 5293 1041 5365 79¹
1078 5265 1121 5342 ad
1179 5265 1339 5342 codicum
1375 5268 1633 5342 consensionem
1672 5287 1731 5337 eos
1759 5288 1876 5338 tersus
1906 5263 1972 5337 im-

331 5378 500 5483 quosdam
530 5405 575 5455 ert
606 5380 644 5456 iis
672 5382 825 5458 versibus
856 5380 911 5457 vel
940 5406 1040 5486 supra
1063 5379 1118 5456 rel
1176 5402 1326 5455 mutatos
1354 5379 1522 5454 Latelium
1553 5375 1747 5481 reliquisse.
1787 5379 1857 5450 Cur
1886 5401 1974 5480 ergo

334 5492 378 5568 ad
417 5491 605 5606 marginem
636 5492 778 5572 adnotat
817 5517 898 5592 pron
925 5514 1001 5598 natu
1037 5501 1119 5570 Non
1175 5495 1302 5570 iterum
1340 5491 1457 5568 subdit
1497 5489 1642 5567 Wolfius
1682 5487 1717 5562 in
1748 5489 1893 5564 Historia
1923 5489 1975 5564 lc·
