5096 7076
842 739 1065 812 PARS
1123 740 1413 814 PRIMA

300 913 439 993 lectioni
471 936 606 991 nostrae
635 908 793 990 accessit.
821 915 865 985 Ea
897 907 1018 1016 incipit
1047 910 1099 985 fo-

300 1032 348 1107 lio
378 1055 497 1114 verso,
520 1025 716 1134 praeposito
734 1024 835 1100 ritulo
855 1043 909 1116 rna
938 1043 992 1115 tart
1012 1049 1099 1128 qua·

299 1143 404 1219 dratis
434 1144 526 1248 typis
558 1139 767 1242 majoribus,
795 1135 992 1212 charactere
1013 1162 1096 1212 eon·

299 1283 366 1342 stat
396 1255 599 1342 rab'binico,
641 1277 682 1328 ac
711 1249 801 1326 foliis
834 1275 905 1346 50,
934 1248 1092 1355 hancque

299 1371 342 1448 ad
372 1363 676 1446 calcem'erdribet
723 1363 935 1470 rythmicam
964 1365 1098 1471 epigra-

303 1487 432 1594 plremr

592 1590 701 1673 :bur
731 1609 818 1670 ron
846 1607 902 1682 rna
930 1606 985 1680 pra

643 1703 741 1785 :aa
770 1725 827 1794 rar
857 1719 921 1794 rna*
948 1723 981 1779 ra

499 1819 829 1902 miracimmum
859 1837 918 1890 mr
947 1835 979 1890 *a

528 1935 628 2012 :irre
656 1951 728 2008 mna
755 1927 840 2006 nri
867 1947 985 2006 nm:

544 2069 646 2127 ’ΠῦἹῖ
677 2063 734 2124 Ji&
763 2061 829 2122 Di*
855 2059 906 2116 ’ΖΠ
933 2063 982 2118 'iii

655 2181 720 2251 ran
747 2175 799 2232 ’aa
824 2175 922 2230 trram
950 2176 981 2248 ra

548 2331 554 2340 .
638 2289 768 2349 *nnana
795 2261 860 2348 ria
888 2288 981 2346 rnnn

688 2401 774 2477 r-rrra
801 2401 877 2473 rra*
904 2380 982 2474 trab

644 2510 759 2576 ‘tiana
786 2514 856 2594 qor
882 2513 913 2572 r
941 2490 983 2576 ia

605 2609 751 2692 niirnrr
778 2603 882 2683 *honr
912 2629 981 2684 rra

593 2746 638 2807 mr
666 2747 722 2819 pm
751 2739 837 2798 tarta
867 2741 983 2797 mata

602 2836 743 2917 rn‘rmrt
770 2830 800 2908 ri
827 2854 900 2911 run
927 2855 982 2910 rra

628 2971 696 3027 aru
724 2969 819 3030 rina
846 2945 982 3024 *noina

554 3083 671 3142 rtrtrrt
691 3085 770 3150 ‚nna
796 3056 863 3138 aab
892 3081 985 3136 :arar

530 3198 631 3254 rme
659 3198 726 3258 rar
753 3197 784 3251 ra
813 3194 914 3254 raam
943 3171 984 3250 'aa

641 3313 745 3373 raam
776 3309 860 3383 aab*
887 3307 981 3364 rta'ar

298 3464 323 3499 „
352 3413 448 3486 Even
478 3403 615 3482 bbchen
646 3432 689 3482 en
719 3402 860 3508 explicit

298 3576 322 3615 „
351 3530 389 3600 ln
420 3547 491 3627 quo
520 3520 722 3626 exploratur
753 3521 806 3594 via
836 3513 969 3607 seculi,

297 3689 319 3728 „
350 3636 525 3736 Quoniam
565 3637 635 3738 ipsa
664 3659 683 3710 a
714 3632 888 3741 plerisque
929 3655 981 3706 est
1021 3631 1093 3708 ab·

413 3747 591 3835 scondita,

211 3911 212 3916 =
299 3917 320 3951 „
349 3866 471 3962 Quum
501 3887 560 3937 cor
589 3886 709 3936 eorum
739 3860 782 3937 sit
816 3883 897 3934 rere
925 3857 1099 3938 obesum..

299 4027 322 4067 „
351 3981 425 4082 Ego
454 3980 493 4050 R.
519 3980 595 4055 lom
625 3979 704 4051 Tor
736 3969 856 4050 Gallus

300 4143 320 4176 „
350 4089 455 4163 Filius
484 4085 635 4163 doctoris
665 4085 770 4162 nostri
798 4086 839 4156 R.
869 4090 989 4161 Peretz

300 4254 324 4294 „
353 4198 455 4276 Posui
486 4226 697 4306 supereum
726 4221 843 4276 curam
873 4221 985 4272 meam

301 4369 326 4408 „
355 4318 402 4389 Ut
430 4339 643 4420 spargeretur
672 4313 706 4388 in
736 4336 824 4386 terra

301 4435 468 4533 „Opera
498 4426 637 4532 iosephi
667 4419 858 4503 dsclrenazi

300 4595 323 4632 „
351 4542 415 4616 Hic
445 4538 611 4645 Neapoli,
642 4541 726 4616 urbe
754 4535 1036 4629 celebratissima,

300 4709 323 4749 „
351 4661 453 4730 Anno
481 4675 619 4730 cextrx
658 4651 877 4729 confirmavit
905 4651 1100 4735 fortitudi-¹

415 4791 494 4843 nem
524 4793 638 4842 meam

300 4937 322 4973 „
350 4887 444 4958 Deus
471 4884 571 4986 cujus
600 4903 650 4956 est
680 4877 954 4987 magnificentia,

298 5049 320 5088 „
351 4992 495 5072 Absolri
526 5018 681 5101 tempore
713 4994 855 5071 terribili

301 5165 322 5198 „
351 5107 483 5186 Diebus
512 5107 672 5184 videlicet
699 5107 758 5214 qui
790 5103 1000 5213 praecedunt
1028 5105 1092 5182 ini·

413 5246 500 5296 trum
529 5247 629 5298 anor.
681 5319 684 5326 .

299 5335 473 5428 „Omnis
501 5337 562 5439 qui
592 5332 776 5412 meditatur
806 5332 859 5412 in.
881 5330 962 5422 illo,
992 5359 1095 5410 asse-

414 5469 541 5554 quatur
569 5447 686 5526 lumen

301 5559 550 5668 „Diebusque
580 5564 651 5638 suis
681 5559 831 5640 inveniat
859 5559 1019 5642 delicias.

1895 745 1947 845 ⁶7

1254 914 1444 1021 Epigraphi
1494 913 1710 1026 plagularum
1764 921 1947 1026 registrum

1154 1025 1357 1130 subjicitur,
1393 1027 1489 1134 quod
1522 1033 1671 1136 primunt
1711 1028 1747 1106 in
1779 1031 1843 1109 bac
1872 1034 1950 1112 edi-

1151 1139 1246 1216 tione
1276 1166 1475 1247 comparet,
1514 1147 1611 1246 cujus
1653 1144 1733 1221 birra
1772 1145 1839 1223 alia
1869 1174 1950 1254 prae

1152 1251 1311 1328 manibus
1351 1255 1535 1332 habuimus
1575 1259 1759 1366 exempla,
1800 1261 1949 1339 alterum

1153 1366 1248 1469 quod
1279 1364 1405 1442 deiude
1435 1395 1496 1444 nos
1538 1371 1602 1474 ipsi
1632 1397 1752 1448 sumus
1781 1401 1950 1452 consecu-

1154 1480 1201 1566 ti,
1230 1480 1376 1555 alternm
1418 1482 1515 1586 quod
1544 1507 1640 1560 extat
1669 1485 1718 1580 io⁸
1737 1485 1948 1566 bibliotheca

1153 1592 1299 1701 Collegii
1331 1595 1495 1669 Romani.
1560 1627 1565 1636 ·

1447 1767 1479 1836 X
1494 1770 1526 1840 X
1540 1771 1570 1841 V
1584 1772 1598 1840 I
1613 1771 1656 1842 11

1237 1939 1284 2009 It
1313 1939 1435 2010 David
1454 1939 1526 2032 filii
1553 1941 1691 2034 Jorcprr·
1726 1941 1947 2016 Arndrahdm

1154 2051 1416 2123 Commentarius
1444 2059 1478 2122 r'rr
1509 2056 1654 2126 ordinent
1679 2078 1813 2145 precum
1841 2065 1947 2130 torius

1153 2171 1233 2234 anni
1260 2171 1295 2235 in
1318 2165 1387 2258 fol.
1410 2167 1614 2258 Ulyssrporre
1642 2192 1694 2238 arr.
1711 2173 1754 2240 ab
1768 2173 1844 2243 orbe
1872 2195 1950 2242 cotr-

1098 2357 1102 2368 ,
1153 2278 1225 2348 diro
1250 2271 1283 2350 ᾗ.
1307 2294 1396 2364 cca,
1420 2282 1494 2353 Chr.
1515 2297 1808 2370 Mccccartxrrrrr
1826 2306 1949 2356 extun-

1154 2413 1210 2477 tt,
1239 2394 1292 2464 νιί
1319 2397 1449 2463 ineunte
1480 2409 1678 2466 MCCCCXC.
1784 2485 1786 2492 y

1237 2500 1480 2609 Pervulgatum
1502 2503 1645 2610 quidem
1667 2528 1718 2581 est
1738 2532 1826 2613 opus
1848 2508 1945 2613 quod

1153 2610 1440 2705 absolutissimam
1466 2616 1680 2716 judaicarum
1714 2647 1853 2724 precum
1883 2645 1952 2726 ert-y

1155 2727 1359 2831 positionem
1387 2726 1493 2822 sistit,
1522 2729 1567 2805 ab
1587 2733 1736 2808 auctoris
1764 2735 1945 2840 cognomi·

1154 2865 1198 2913 ne
1239 2838 1463 2917 Arndraham
1503 2846 1733 2920 communiter
1781 2846 1943 2952 appella-

1155 2976 1253 3042 tum,
1291 2979 1331 3029 ac
1361 2953 1535 3032 multoties
1570 2957 1674 3036 etiam
1705 2957 1861 3034 editum.
1900 2965 1945 3036 At

1155 3091 1238 3140 vero
1278 3069 1438 3172 princeps
1477 3068 1562 3146 haec
1601 3096 1641 3148 ac
1680 3069 1944 3177 praeclarissima

1154 3175 1262 3253 editio
1290 3205 1309 3254 a
1348 3179 1598 3290 bibliographis
1626 3184 1798 3280 ,omnibus
1839 3185 1944 3261 Chri·

1152 3288 1268 3369 stianis
1296 3321 1335 3369 ac
1376 3295 1512 3374 ludaeis
1540 3295 1783 3404 ignorabatur,
1810 3299 1870 3405 qui
1903 3323 1941 3375 ut

1152 3405 1379 3514 antiquiorem
1419 3433 1594 3484 recensent
1635 3409 1853 3486 CPolirarram
1884 3437 1944 3487 an-

1151 3519 1187 3594 ni
1224 3545 1348 3618 1514,
1372 3546 1503 3626 nosque
1521 3523 1680 3598 omnium
1712 3523 1835 3628 primi,
1855 3523 1945 3601 duo·

1151 3630 1215 3708 bus
1243 3633 1388 3712 detectis
1416 3660 1450 3713 et
1479 3637 1830 3744 adeptisexemplis,
1859 3665 1944 3745 quo·

1152 3774 1229 3823 rum
1259 3749 1404 3826 alterum
1445 3749 1686 3838 nitidissimum
1717 3776 1752 3827 et
1781 3752 1943 3860 magnifi-
2003 3815 2009 3826 ,

1151 3861 1385 3938 centissimum
1415 3862 1458 3938 ad
1488 3862 1736 3940 bibliothecam
1767 3866 1943 3941 Cornelia-

1151 3999 1229 4049 nam
1259 3977 1458 4051 Patavinam
1500 3977 1713 4081 pertinebat,
1753 3976 1847 4052 illam
1876 3974 1943 4053 de-

1149 4086 1347 4193 scripsimus
1376 4091 1428 4162 De
1459 4087 1540 4163 heb.
1580 4113 1656 4194 typ.
1687 4089 1773 4194 orig.
1802 4117 1835 4194 p.
1867 4093 1940 4186 55.

1150 4203 1295 4276 Exarata
1324 4221 1374 4275 est
1413 4196 1544 4305 duplici
1582 4201 1745 4276 columna
1773 4199 1940 4278 linearum

1157 4337 1227 4414 34,
1261 4336 1295 4388 et
1335 4312 1528 4388 charactere
1567 4310 1939 4418 hispano-rabbinico,

1096 4495 1099 4506 .
1151 4425 1210 4502 sed
1261 4426 1477 4514 sectionum,
1523 4426 1705 4532 capitum,
1742 4425 1937 4500 orationum

1148 4540 1241 4614 initia
1270 4537 1438 4643 quadrato
1461 4539 1579 4640 maiori
1602 4537 1779 4642 hispanico
1800 4563 1839 4613 ac
1862 4540 1938 4642 pul·

1148 4651 1324 4728 cherrimo
1370 4650 1598 4728 exhibentur.
1641 4652 1737 4726 Idem
1794 4677 1938 4756 uterque

1152 4793 1233 4841 cum
1263 4791 1328 4854 eo,
1347 4791 1453 4872 quem
1475 4765 1508 4840 in
1532 4764 1748 4870 praecedenti
1769 4764 1939 4842 Naclrma·

1152 4879 1242 4957 nidis
1271 4879 1421 4958 editione
1445 4903 1557 4955 noster
1579 4879 1819 4986 typographus
1842 4905 1938 4954 usur·

1149 4992 1268 5099 pavit,
1293 4993 1385 5069 idem
1412 5017 1552 5097 quoque
1579 5017 1736 5078 ornatus,
1765 5018 1834 5098 qua
1863 4991 1937 5096 pri-

1147 5133 1202 5182 ma
1226 5107 1349 5216 pagina
1367 5131 1461 5182 versa
1477 5105 1679 5182 decoratur.
1707 5105 1817 5180 Prima
1841 5130 1938 5209 prae·

1150 5221 1289 5298 sationis
1315 5219 1419 5296 verba
1448 5220 1540 5296 tituli
1572 5219 1679 5295 veluti
1709 5217 1787 5294 loco
1814 5219 1859 5292 ab
1876 5245 1936 5294 au·

1149 5359 1246 5410 crore
1274 5334 1454 5442 praemissa
1495 5332 1615 5412 litteris
1650 5357 1807 5436 expressa
1845 5357 1935 5434 qna-

1095 5518 1099 5526 ,
1151 5447 1282 5536 dratis,
1324 5444 1511 5546 majuscula
1552 5469 1587 5523 et
1624 5469 1742 5520 ornata
1779 5441 1935 5532 initialis,

1151 5560 1307 5670 illudque
1346 5559 1523 5670 singulare
1557 5555 1654 5666 quod
1692 5557 1758 5634 sub
1796 5555 1934 5658 initium
