5222 7090
651 733 763 790 xant
1065 705 1425 784 DISSERTATIO
1463 697 1906 778 PRAELIMINARIS

652 888 687 977 li
721 884 899 1012 plurima
948 879 1068 972 hebr.
1103 913 1234 1002 opera
1281 874 1456 1000 prodie-
1515 875 1685 983 variae,
1719 871 1833 958 varia
1867 862 2145 956 abbreviandi
2179 863 2316 971 rati0,

655 1043 784 1121 runt,
825 1045 937 1138 quae
980 1011 1265 1101 Soncinorum
1299 1037 1456 1094 nomen
1514 1000 1768 1128 epigraphes
1801 994 1931 1110 modo
1964 995 2205 1118 appositae,
2227 1023 2322 1079 mo·

656 1178 706 1234 ae
739 1138 889 1233 famam
928 1164 1152 1262 tantopere
1195 1163 1458 1242 evexerunt,
1514 1130 1574 1222 do
1606 1131 1804 1235 omissae,
1836 1122 2050 1250 pleniores
2080 1119 2315 1243 aliae‘quae

655 1302 745 1364 tum
779 1299 822 1362 et
856 1267 1069 1360 Zachaeus
1081 1266 1459 1392 Ulyssiponensis,
1515 1257 1865 1386 typographum,
1908 1251 2086 1360 locum,
2128 1281 2318 1354 annum,

656 1407 773 1528 cujus
805 1393 1017 1490 beneficio
1066 1393 1374 1518 elegantissima
1415 1419 1458 1482 et
1516 1419 1724 1497 mensem,
1766 1381 1876 1473 diem
1916 1378 2171 1502 designant,
2213 1377 2316 1468 aliae

656 1530 959 1620 accuratissima
1005 1523 1183 1616 debetur
1236 1520 1460 1614 Pentateu·
1517 1516 1768 1626 breviores,
1816 1541 1910 1600 aera
1954 1511 1999 1598 in
2050 1509 2099 1596 iis
2152 1505 2318 1630 judaica

657 1658 727 1749 chi
759 1657 919 1748 editio.
1514 1667 1755 1736 constanter
1803 1637 2019 1741 adhibita,
2060 1635 2189 1726 modo
2230 1669 2316 1724 ma·

1519 1776 1605 1899 jor,
1639 1771 1767 1861 modo
1800 1771 1960 1877 minor,
1993 1764 2122 1855 modo
2144 1766 2318 1854 numeri·

1519 1904 1579 1993 cis
1619 1900 1797 2004 litteris,
1839 1894 1968 1986 modo
2008 1897 2130 1984 sacris
2173 1891 2317 1984 verbis

658 2023 752 2094 Hah.
782 2020 860 2089 edit.
892 2034 954 2092 xv
979 2041 1038 2088 sec.
1067 2021 1154 2088 ratio
1183 2036 1215 2087 et
1249 2019 1459 2087 oeconomia.
1518 2063 1739 2155 expressa·
1772 2023 1891 2118 Libri
1924 2048 2063 2116 autem
2083 2023 2219 2112 omnig
2241 2055 2318 2146 ge.

759 2158 920 2250 Eadem
963 2181 1102 2246 autem
1134 2149 1223 2245 fere
1267 2180 1330 2248 est
1361 2153 1461 2244 heb.
1519 2161 1631 2249 neris
1661 2159 1865 2280 suscepti,
1897 2151 2075 2258 biblici,
2106 2148 2317 2274 liturgici,

662 2287 898 2378 editionum
947 2289 1054 2376 ratio
1106 2311 1148 2374 et
1182 2289 1461 2397 oeconomia,
1518 2285 1767 2394 talmudici,
1800 2281 2007 2387 morales,
2039 2279 2231 2404 juridici,
2257 2281 2319 2371 hi·

662 2450 771 2541 quae
813 2415 1035 2506 latinarum
1074 2411 1335 2536 aliarumque
1377 2413 1462 2502 lin·
1519 2419 1687 2525 storici,
1720 2409 2042 2537 philosophici,
2086 2413 2322 2536 grammati-

618 2603 621 2610 ·
662 2579 864 2672 guarum.
900 2541 953 2634 In
987 2538 1327 2666 antiquioribus,
1353 2575 1462 2668 quae
1519 2550 1583 2653 ci,
1617 2541 1793 2650 medici,
1826 2538 2037 2646 editiones
2065 2534 2153 2628 fere
2174 2569 2320 2630 omnes

662 2707 729 2766 an·
754 2673 876 2788 1480
899 2671 1177 2781 antecedunt,
1197 2669 1339 2761 charta
1360 2703 1463 2762 cras·
1519 2707 1573 2764 ex
1618 2707 1709 2763 mss.
1761 2669 1961 2772 haustae,
2012 2700 2105 2758 mss.
2152 2666 2320 2760 codices

661 2807 747 2894 sior
780 2835 828 2893 ac
861 2795 1049 2911 firmior,
1083 2831 1228 2924 margo
1262 2800 1461 2924 amplior,
1518 2835 1643 2929 saepe
1668 2800 1811 2927 plures
1829 2797 2056 2921 assumpti,
2088 2800 2319 2921 generatim

661 2931 772 3022 nulli
804 2929 946 3040 tituli,
978 2927 1167 3039 numeri,
1199 2931 1463 3055 signaturae,
1519 2933 1701 3054 integri,
1744 2961 1793 3019 ac
1836 2926 1976 3018 bonae
2020 2951 2171 3038 notae,
2219 2925 2322 3017 hinc

661 3059 883 3166 custodes,
931 3059 976 3148 in
1028 3057 1279 3183 quibusdam
1322 3055 1464 3149 nullae
1520 3058 1731 3150 editiones
1772 3059 1886 3182 ipsae
1928 3056 2139 3178 integrae,
2180 3055 2321 3146 multis

662 3188 870 3280 initiales.
897 3183 950 3276 In
972 3185 1145 3308 reliquis
1166 3184 1319 3275 adsunt
1340 3185 1465 3292 haec,
1520 3187 1626 3278 locis
1660 3183 1862 3294 refertae,
1894 3217 2004 3310 quae
2039 3185 2085 3272 in
2105 3186 2321 3309 sequenti-

663 3343 913 3410 nontamen
934 3316 1073 3403 omnia
1096 3314 1142 3402 in
1167 3313 1364 3404 omnibus
1383 3347 1464 3406 nec
1521 3313 1602 3406 bus
1637 3348 1724 3406 non
1757 3339 2027 3436 comparent,
2059 3313 2105 3402 in
2139 3312 2220 3404 hoc
2253 3339 2322 3403 ta-

664 3444 814 3538 eodem
849 3439 999 3532 modo.
1050 3437 1185 3531 Tituli
1232 3444 1278 3530 in
1321 3445 1465 3567 paucis
1522 3476 1619 3534 men
1660 3443 1766 3535 aliae
1816 3442 1910 3533 aliis
1951 3441 2185 3565 pleniores,
2229 3438 2320 3532 fere

663 3597 937 3697 comparent.
966 3570 1176 3694 Exempla
1195 3602 1284 3661 non
1305 3571 1465 3684 multa,
1522 3605 1667 3664 omnes
1699 3573 1870 3696 optimis
1903 3572 2029 3662 variis
2061 3568 2320 3662 lectionibus

665 3701 886 3793 chartacea
952 3697 1193 3822 pleraque,
1256 3699 1465 3823 quaedam
1523 3699 1817 3826 plenissimae,
1849 3733 1874 3790 a
1907 3698 2044 3790 doctis
2076 3703 2319 3792 correctori-

665 3828 981 3938 membranacea
1032 3853 1075 3916 et
1126 3825 1465 3951 elegantissima,
1521 3831 1602 3920 bus
1636 3829 1902 3940 emendatae,
1934 3831 2013 3954 qui
2032 3859 2155 3951 saepe
2176 3828 2230 3919 ad
2251 3861 2321 3920 ea-

666 3985 941 4052 atramentum
974 3957 1239 4080 nigerrimum
1276 3991 1325 4048 ac
1355 3957 1466 4048 luci·
1522 3991 1612 4050 rum
1661 3956 2062 4050 commendationem
2109 3960 2213 4048 varii
2241 3991 2324 4082 ‚ge-

669 4087 797 4195 dum,
841 4087 939 4214 typi
982 4082 1226 4208 multiplicis
1273 4082 1466 4200 formae,
1522 4090 1631 4180 n'eris
1662 4090 1845 4180 carmina
1878 4088 2136 4211 subjiciunt.

669 4214 891 4344 quadrati,
924 4211 1155 4320 rabbinici,
1187 4215 1383 4340 quadrati
1404 4215 1468 4306 hi·

669 4347 854 4470 spanici,
897 4344 1055 4455 italici,
1094 4348 1348 4466 germanici,
1389 4348 1467 4468 qui

669 4476 814 4567 latinis
847 4476 1000 4564 nostris
1034 4469 1228 4561 rotundis
1248 4507 1297 4563 ac
1316 4473 1468 4598 gothi·

671 4606 731 4695 cis
772 4598 1065 4722 respondent,
1112 4595 1322 4689 rabbinici
1353 4632 1469 4691 com-

673 4747 896 4822 munes'et
936 4726 1166 4850 hispanici,
1205 4759 1280 4818 seu
1319 4731 1468 4818 orien-
1608 4725 1717 4817 Cum
1748 4729 1940 4819 rarissimi
1974 4755 2146 4854 recepto
2168 4726 2324 4820 biblio÷

674 4858 798 4964 tales,
832 4888 956 4980 saepe
989 4882 1033 4946 et
1064 4852 1375 4947 semirabbinici
1394 4890 1468 4946 seu
1523 4857 1780 4984 graphorum
1813 4889 1976 4949 canone
2013 4860 2103 4982 jure
2137 4857 2357 4950 habeto-r·

674 4989 1006 5106 mixti,majores
1030 4985 1150 5089 item,
1171 4987 1374 5094 minores,
1396 4987 1468 5074 mi·
1525 5015 1593 5076 tur
1626 4989 1769 5111 quivis
1812 4986 1914 5078 libri
1947 4985 2027 5078 sub
2059 4989 2149 5110 ipsa
2184 5015 2324 5114 typo-

673 5115 799 5224 nimi,
832 5112 981 5220 rudes,
1013 5110 1251 5234 elegantes,
1284 5115 1469 5205 initiales
1525 5116 1728 5241 graphiae
1757 5113 2017 5207 incunabula
2036 5120 2204 5225 excusi,
2232 5141 2322 5206 turn

675 5276 799 5366 saepe
832 5241 1048 5366 duplices,
1080 5269 1251 5332 ornatae
1271 5273 1319 5334 ac
1348 5242 1469 5370 ligno
1525 5247 1703 5334 maxime
1735 5243 1924 5368 hebraici
1964 5242 2153 5336 habendi
2196 5270 2324 5357 sunt,

675 5372 928 5494 exculptae,
975 5370 1088 5461 titnli
1120 5370 1269 5496 ligneis
1312 5373 1485 5480 ornati·v
1526 5376 1604 5500 qui
1648 5373 1790 5462 multis
1834 5373 1889 5465 de
1934 5374 2086 5463 caussis
2121 5373 2324 5464 videntur

675 5503 756 5594 bus
796 5499 1092 5608 condecorari,
1139 5525 1312 5628 typogr.
1345 5528 1470 5594 notae
1526 5505 1674 5596 ceteris
1694 5505 1896 5596 rariores.
1917 5499 2192 5595 Paucissimae
2211 5503 2324 5594 enim

941 1847 981 1972 ᾗ.
1038 1877 1187 1937 xvrrr

1815 4279 1856 4403 §.
1914 4311 2032 4371 xrrr

1525 4451 1614 4522 Heb.
1645 4449 1829 4519 editionum
1859 4463 1925 4518 XV
1949 4469 2013 4516 rec.
2042 4469 2172 4516 sumana
2194 4451 2336 4524 raritas.

1554 4563 1713 4633 Pretiosa
1739 4565 1885 4632 auctoris
1914 4560 2098 4630 earumdem
2128 4559 2300 4634 collectio.
