5222 7090
765 742 842 811 ou
878 724 1001 812 une.
1044 743 1158 814 rra.
1199 723 1431 815 orirerur:
1847 759 1909 814 xv

255 915 373 1008 rant.
408 911 501 1004 Nec
533 913 564 1002 ii
598 906 682 1000 dici
716 934 894 1040 possunt
928 911 1051 1033 primi
1109 911 1243 1002 mania
1277 915 1408 1035 possit
1443 917 1702 1036 praeripere,
1736 937 1784 1000 ut
1807 911 1905 1001 uul-

256 1045 329 1136 vel
361 1045 507 1170 primis
541 1040 748 1164 proximi,
787 1041 864 1162 qui
895 1040 938 1126 in
971 1035 1053 1128 Ita·
1109 1040 1176 1130 lus
1206 1045 1249 1126 in
1281 1074 1329 1132 ea
1362 1039 1470 1130 liber
1498 1040 1696 1133 hebraice
1725 1072 1902 1132 excusus

256 1174 314 1264 lia
345 1173 454 1264 hanc
486 1198 614 1260 artem
638 1169 921 1257 exercuerint.
953 1163 1053 1257 Plu·
1108 1169 1161 1257 sit
1194 1191 1288 1258 toto
1322 1200 1381 1257 xv
1411 1201 1518 1279 sec.,
1549 1203 1599 1261 ac
1631 1172 1788 1294 primus
1820 1175 1905 1259 sint

256 1335 322 1394 res
355 1334 427 1392 eos
456 1322 797 1422 praecesserunt,
816 1296 987 1417 natione
1010 1319 1053 1386 et
1109 1293 1266 1386 Psalmi
1301 1299 1649 1420 poenitentiales,
1682 1299 1757 1424 qui
1790 1298 1905 1424 apud

255 1461 410 1556 genere
445 1419 568 1517 Itali.
612 1421 795 1514 Gabriel
827 1421 1053 1547 Strasburg
1109 1457 1189 1518 nos
1221 1453 1392 1537 extant,
1425 1425 1600 1519 rudibus
1634 1428 1760 1552 plane
1786 1431 1904 1555 typis

254 1555 551 1684 typographus
583 1585 672 1644 non
706 1580 814 1658 erat,
846 1550 920 1642 sed
945 1552 1052 1641 litte·
1109 1587 1176 1644 an.
1230 1575 1351 1669 1512
1395 1549 1617 1680 Tubingae
1656 1555 1784 1646 editi.
1838 1557 1905 1650 lta

254 1714 364 1776 ratus
396 1687 470 1810 qui
503 1681 669 1773 calculo
712 1713 790 1770 suo
822 1679 1052 1770 editionem
1111 1684 1243 1773 multo
1276 1709 1372 1806 post
1415 1717 1541 1808 quam
1582 1687 1628 1774 in
1660 1682 1786 1776 Italia
1818 1717 1914 1776 non.

255 1814 373 1905 illam
420 1813 651 1938 probavit,
695 1841 772 1900 nec
819 1809 973 1898 dicitur
1017 1812 1052 1936 is
1109 1811 1244 1928 solum
1279 1841 1401 1920 nata,
1433 1812 1507 1902 sed
1542 1837 1768 1937 provecta,
1801 1813 1906 1904 dila-

253 1943 308 2034 de
340 1940 588 2066 Strasburg,
619 1939 693 2031 sed
715 1934 964 2062 Strasburg,
983 1971 1054 2027 no
1111 1967 1221 2051 tata,
1254 1940 1304 2031 ad
1339 1973 1541 2058 summum
1568 1939 1841 2065 splendorem
1862 1963 1905 2031 et

256 2074 366 2162 mine
400 2068 626 2176 uidelicet,
659 2099 748 2160 non
774 2069 955 2191 patriae,
977 2063 1051 2157 sed
1111 2064 1415 2193 perfectionem
1449 2070 1557 2160 elata
1585 2096 1673 2161 erat
1707 2069 1807 2160 heb.
1840 2097 1908 2198 ty·

254 2196 463 2304 familiae,
495 2189 614 2327 quod
654 2194 843 2288 ostendit
875 2199 1051 2320 majores
1109 2196 1375 2322 pographia,
1418 2199 1463 2286 in
1510 2193 1741 2290 Germania
1792 2203 1905 2292 nasci

253 2361 307 2418 ex
340 2361 388 2418 ea
422 2325 525 2416 urbe
557 2322 707 2432 fuisse,
736 2356 823 2413 non
850 2349 1051 2448 nepotes.
1109 2326 1360 2450 incipiebat,
1379 2359 1426 2416 ac
1445 2352 1571 2418 tenue
1605 2357 1648 2418 et
1681 2327 1785 2419 rude
1806 2363 1907 2453 pau-

252 2451 349 2548 Jam
381 2487 486 2543 vero
518 2485 596 2544 nec
624 2451 808 2542 Gabriel
834 2455 944 2574 ipse,
972 2485 1052 2542 nec
1106 2487 1251 2544 corum
1284 2450 1730 2547 foliorumtentamen
1760 2485 1908 2548 exere-

254 2580 526 2672 Soncinatum
569 2579 706 2688 ullus,
743 2578 829 2670 dici
861 2578 949 2670 ulla
981 2613 1053 2670 ra-
1108 2615 1173 2672 re.
1208 2585 1272 2672 At
1292 2615 1397 2672 vero
1426 2586 1629 2705 quoniam
1648 2587 1760 2710 petit
1780 2583 1908 2680 Wol-

225 2714 372 2801 'tiouc
412 2709 486 2800 vel
528 2713 770 2832 conjectura
814 2733 955 2834 potest
996 2741 1051 2798 ex
1108 2707 1192 2800 lius
1223 2707 1380 2800 librum
1411 2711 1493 2800 sibi
1527 2711 1707 2834 produci
1736 2746 1792 2804 eo
1817 2748 1910 2837 spe-

174 2937 189 2946 ,
254 2837 486 2962 Germania
530 2825 715 2949 venisse,
759 2864 803 2928 et
835 2838 948 2926 hanc
980 2870 1053 2927 ar·
1107 2840 1262 2930 eimine
1308 2839 1616 2962 antiquiorem,
1664 2838 1784 2930 illum
1827 2843 1908 2964 jam

257 2994 342 3058 tem
383 2964 608 3058 detulisse.
637 2963 746 3057 ¹Nec
780 2963 825 3054 id
859 2997 1052 3056 necessa·
1109 2964 1414 3090 producamus,
1473 2997 1520 3056 ac
1573 2965 1907 3060 demonstremus

254 3099 387 3200 rium,
420 3098 521 3218 quia
562 3093 659 3185 Itali
692 3092 845 3189 ludaei
885 3127 939 3183 ex
971 3091 1054 3186 Ita·
1107 3094 1257 3186 eodem
1290 3097 1384 3216 ipso
1423 3127 1489 3183 an.
1530 3117 1645 3210 1475
1680 3129 1776 3220 quo
1811 3130 1909 3221 pau·

253 3224 308 3315 lis
340 3223 643 3349 typographis,
675 3226 752 3350 qui
785 3221 945 3346 ubique
961 3253 1054 3316 cre·
1108 3253 1237 3312 caea
1272 3221 1480 3342 vocabula
1517 3221 1587 3313 vel
1619 3222 1782 3315 litterae
1807 3225 1906 3316 heb.

255 3379 429 3456 verant,
475 3350 670 3476 hancque
719 3377 846 3442 artem
889 3351 964 3441 diu
1006 3355 1053 3442 in
1110 3347 1309 3478 Eslingae
1328 3349 1599 3472 prodierunt,
1629 3350 1733 3441 bina
1759 3355 1807 3441 in
1827 3352 1905 3444 hac

256 3481 401 3571 multis
457 3477 603 3572 Italiae
656 3478 837 3571 urbibus
885 3512 1053 3572 exerce·
1109 3478 1254 3603 lingua
1287 3481 1449 3606 integra
1481 3503 1524 3567 et
1564 3481 1745 3608 insignia
1774 3514 1907 3606 opera

258 3609 385 3721 bant,
437 3613 528 3735 ejus
581 3607 804 3700 artificium
857 3633 1053 3734 poterant
1112 3609 1158 3696 in
1190 3605 1316 3700 ltalia
1348 3632 1493 3699 nostra
1523 3609 1662 3702 lucem
1696 3607 1879 3702 vidisse.

259 3737 494 3828 addiscere.
538 3735 753 3863 Perpauca
796 3765 934 3828 autem
968 3771 1054 3829 vo·
1419 3797 1594 3924 §.xv
1701 3840 1706 3850 ,

258 3865 430 3971 cabula,
463 3866 535 3956 vel
566 3869 763 3972 minima,
783 3890 833 3955 ut
863 3853 1063 3958 Wolfius

256 3995 346 4114 ipse
379 4025 427 4082 ea
460 3994 648 4118 appellat
681 4018 783 4081 tom·
816 3989 839 4082 Ι
868 4027 910 4117 p.
946 4017 1055 4114 941⁹
1109 3971 1237 4062 Ignota
1259 3971 1388 4044 larclr'r‘
1409 3970 1512 4042 editio
1539 3973 1642 4066 Regu
1660 3973 1774 4046 catab.
1802 3991 1902 4068 1475

256 4119 487 4211 litterarum
540 4121 641 4210 heb·
691 4123 897 4245 vestigia'
944 4155 1054 4249 quae
1141 4084 1323 4176 detegitur,
1352 4083 1519 4158 Plebisac.
1539 4106 1616 4156 aero
1635 4106 1705 4156 este
1723 4093 1879 4182 ej.anrrr'.

258 4250 304 4337 in
336 4245 461 4373 Nigri
485 4247 682 4339 Tractatu
701 4279 946 4357 occurrunt,
968 4254 1055 4376 pri·
1208 4247 1298 4340 Vix
1330 4285 1355 4341 a
1386 4254 1529 4374 primis
1561 4250 1647 4342 illis
1680 4249 1779 4342 heb.
1814 4279 1907 4383 typ.

256 4409 365 4466 mam
402 4374 498 4466 heb.
517 4376 827 4505 typographiae
847 4382 1055 4506 originem
1111 4381 1392 4472 monumentis
1440 4383 1489 4470 in
1545 4377 1683 4474 lucem
1739 4379 1908 4473 eductis

257 4529 300 4595 et
326 4505 533 4629 epocham
560 4503 816 4597 constituere
836 4517 1054 4634 nunquam
1111 4513 1234 4631 pauci
1267 4509 1518 4600 effluxerant
1545 4511 1672 4615 anni,
1693 4508 1810 4634 quod
1830 4513 1909 4600 mi-

257 4659 480 4755 poterunt.
531 4631 595 4724 Ut
627 4665 799 4760 graecae
841 4661 936 4762 typ.
968 4639 1056 4760 pri·
1111 4634 1158 4726 hi
1192 4669 1349 4728 novum
1376 4635 1579 4763 detegere
1612 4664 1655 4728 et
1688 4639 1919 4764 acquirere

259 4763 419 4853 mordia
452 4765 633 4888 aprimo
665 4761 778 4856 libro
809 4795 959 4888 graece
983 4771 1067 4880 iur-⁴
1110 4765 1378 4873 conceditur,
1411 4766 1496 4858 illis
1528 4765 1732 4856 illustrius
1757 4793 1805 4857 et
1837 4800 1909 4858 an·

259 4923 406 5014 presso
437 4889 739 5003 desumuntur,
778 4924 867 4980 non
900 4926 924 4982 a
956 4898 1054 5018 qui·
1111 4897 1291 5018 tiquius,
1324 4891 1497 4988 Jarchii‘
1516 4896 1710 4983 nimirum
1742 4892 1906 4984 Comm.

262 5018 439 5108 busdam
474 5019 722 5130 vocabulis,
765 5020 835 5108 vel
869 5021 1054 5114 textibus
1111 5025 1158 5112 iu
1191 5019 1313 5112 Pent.
1346 5023 1462 5136 abr.
1489 5022 1575 5114 ben
1608 5019 1780 5112 Garton
1804 5055 1909 5148 ope·

261 5151 335 5270 qui
356 5149 400 5236 in
421 5147 771 5272 praecedentibus
797 5147 1056 5242 editionibus
1113 5183 1157 5240 ra
1191 5184 1259 5241 an.
1298 5173 1412 5266 1475
1453 5149 1582 5274 Regii
1602 5147 1820 5242 Calabriae
1837 5184 1909 5240 ex·

260 5278 392 5397 sparsi
423 5279 759 5400 conspiciantur,
779 5277 888 5377 idem
910 5277 966 5368 de
985 5278 1058 5371 he·
1110 5311 1285 5390 cusum,
1349 5277 1655 5405 bibliographis
1709 5276 1906 5368 omnibus

248 5398 399 5501 ,braica
416 5403 666 5494 dicendum.
700 5403 884 5496 Tantum
904 5432 1057 5526 ‚autem
1114 5409 1442 5533 ignotissimum.
1474 5404 1589 5499 Huic
1620 5439 1724 5531 ergo
1756 5404 1909 5497 editio·

257 5525 377 5621 abest
398 5558 444 5622 ut
464 5529 574 5620 hanc
595 5529 741 5624 ltaliae
757 5533 926 5625 laudem
944 5531 1057 5626 Ger·
1114 5541 1158 5624 ni
1192 5567 1303 5661 quae
1334 5538 1597 5661 antiquitatis
1630 5533 1809 5660 palmam
1842 5566 1908 5625 te-
