5222 7090
806 591 1371 666 PARSPRIMA
1854 613 1901 686 η

276 794 372 857 rere,
400 791 491 872 quae
532 765 626 842 nulla
661 763 793 841 ratione
833 761 1060 850 satisfaciunt,
1192 767 1285 840 Haec
1313 763 1436 840 Sarius
1465 760 1498 836 in
1527 761 1615 838 Hisr.
1640 784 1780 872 typogr.
1801 761 1905 840 litter.

276 877 501 983 animumque
540 879 693 984 produnt
735 878 770 952 in
800 880 908 954 reteri
944 901 1065 954 errore¹
1116 874 1257 953 Mediol.
1284 902 1339 980 ap.
1361 875 1508 982 Argelat.
1538 900 1619 952 tom.
1648 900 1689 951 ιιι
1722 902 1797 986 pag.
1831 901 1906 977 53,

273 993 547 1069 confirmatum.
573 1043 596 1078 „
622 990 737 1082 Huic,
764 989 896 1094 inquit,
913 1013 1062 1094 propert·
1117 1013 1185 1063 non
1217 1012 1283 1064 tam
1312 988 1494 1066 doctorum
1518 989 1713 1064 testimonio
1734 989 1907 1079 abutens,

277 1105 367 1180 sioni
396 1129 475 1179 tuae
520 1127 601 1210 erga
642 1103 892 1178 Bononiensem
924 1103 1061 1208 prima·
1116 1127 1221 1205 quam
1239 1100 1350 1176 Maffei
1369 1100 1901 1192 silentionesrinoninmenim

271 1215 411 1294 tum'in
441 1203 598 1292 hebraeis
617 1213 758 1292 edendis
776 1213 1011 1290 voluminibus
1035 1213 1063 1288 si
1121 1211 1207 1288 illud
1236 1212 1363 1320 aliquid
1392 1214 1533 1319 quidem
1564 1212 1715 1300 valeret,
1736 1235 1774 1288 ut
1791 1239 1903 1320 appo⁴

278 1329 365 1406 mihi
395 1328 494 1406 liceat
534 1326 781 1433 aliquantulum
821 1325 999 1434 refragari,
1027 1325 1063 1401 id
1120 1325 1182 1402 site
1209 1324 1369 1401 observat
1394 1325 1436 1402 cl.
1463 1326 1706 1404 Tiraboschius
1724 1327 1810 1402 Hist.
1833 1325 1905 1402 ital.

276 1437 1909 1548 mmfflmmmwmmmnmmmmemmfflm·

275 1553 321 1630 de
351 1579 467 1646 anno,
505 1579 578 1658 qno
617 1556 767 1659 primum
794 1552 950 1628 adhiberi
979 1577 1063 1628 coe-
1117 1574 1168 1626 set
1196 1575 1352 1628 auctores
1379 1552 1440 1657 qni
1467 1551 1610 1660 gloriam
1634 1551 1722 1626 hanc
1751 1553 1905 1627 Soncino

278 1667 392 1772 perint
421 1665 570 1743 hebraici
597 1670 808 1743 characteres
834 1667 868 1740 in
894 1662 1062 1741 cudendis
1116 1663 1330 1753 attribuunt,
1352 1665 1601 1742 Bononiensem
1632 1663 1905 1741 Pentateuchnm

274 1778 413 1886 linguae
442 1779 531 1854 illius
568 1777 763 1868 codicibus,
800 1777 859 1854 sed
888 1777 933 1854 de
962 1777 1062 1864 loc0,
1115 1778 1314 1883 agnovisse.
1344 1777 1410 1854 Sed
1442 1805 1521 1854 eum
1552 1805 1620 1854 uon
1649 1801 1910 1884 cognoverunt,

275 1893 409 1996 inquo
439 1894 589 1997 primum
617 1892 747 1971 inventi
769 1892 883 1968 fuere.
908 1895 1061 1968 Consen·
1116 1914 1225 1994 eaque
1258 1913 1365 1967 aetate
1393 1892 1555 1970 nitebant
1584 1919 1624 1968 ac
1653 1887 1909 1995 loquebantur,

274 2031 313 2080 su
335 2028 450 2082 autem
473 2007 629 2081 omnium
650 2033 738 2112 quos
770 2007 943 2097 recensui,
981 2005 1062 2082 scri·
1117 2029 1183 2106 qua
1221 2001 1375 2081 detectus
1415 2003 1527 2082 adhuc
1566 2005 1595 2080 is
1634 2028 1703 2080 non
1743 2026 1839 2091 erat,
1871 2028 1911 2077 ac

278 2116 1910 2224 pmmfflmmwfflfflmmm·mmmmmmfffflmfflffln

277 2231 439 2338 gentibus
466 2231 659 2307 difficillimi
689 2230 791 2329 hujus
820 2232 950 2306 inventi
980 2230 1062 2338 glo-
1116 2230 1268 2304 cinenses
1295 2228 1482 2320 editiones,
1522 2230 1618 2307 aliter
1646 2227 1844 2334 opinaturi,
1882 2227 1912 2303 si

275 2343 324 2420 ria
376 2345 559 2419 tribuitur.
607 2347 777 2442 Quocirca
820 2343 1060 2418 affirmandum
1118 2365 1195 2444 post
1216 2339 1306 2417 illins
1320 2343 1549 2420 detectionem
1564 2342 1794 2448 scripsissent.
1818 2337 1908 2416 Maf-

277 2478 350 2530 esse
378 2480 448 2530 non
477 2455 622 2544 dubito,
651 2455 850 2558 praemissos
871 2454 972 2532 fuisse
994 2461 1061 2531 Bo·
1117 2453 1204 2553 fejus
1242 2478 1355 2530 autem
1394 2456 1506 2533 solum
1547 2481 1674 2533 annum
1713 2477 1748 2530 et
1787 2453 1906 2529 locum

278 2565 1905 2675 mmmegmmfflwmmffim,mimmmqmshmfflmhfflmmqm

280 2679 314 2752 in
346 2679 431 2753 urbe
461 2677 540 2768 illa,
567 2679 785 2755 scientiarum
816 2704 922 2754 matre
944 2679 1063 2784 appel·
1120 2675 1330 2783 descriptio,
1368 2679 1426 2756 sed
1458 2706 1492 2758 et
1532 2680 1791 2788 typographum
1823 2705 1909 2786 pro·

281 2791 371 2880 lata,
400 2791 529 2898 primos
558 2815 701 2868 conatus
718 2815 917 2868 exererent.
946 2799 1065 2896 Neque
1121 2787 1366 2895 ferre'optime
1408 2818 1559 2899 poterat,
1600 2817 1638 2868 ut
1669 2814 1827 2898 poterant
1856 2789 1910 2864 di-

278 2903 371 2978 enim
410 2902 505 2978 credi
551 2929 662 3010 potest
705 2904 879 2982 diversum
916 2904 962 2980 ab
1000 2905 1066 2980 illis
1121 2925 1326 3006 sceptatores
1354 2906 1418 3010 ipsi
1448 2905 1646 2994 clarissimi,
1674 2903 1840 3008 litemque
1863 2928 1926 2998 ex,

279 3040 456 3092 auctorem
498 3016 658 3093 habuisse
698 3041 804 3126 typos
844 3017 1066 3094 Bononiensis
1122 3013 1275 3090 editione
1303 3019 1374 3122 ipsa
1402 3018 1587 3108 dirimere,
1624 3015 1755 3091 sicam
1784 3040 1913 3090 consu·

278 3128 537 3205 Pentateuchi.
583 3129 760 3236 Siquidem
800 3128 1065 3235 exprimendum
1122 3127 1287 3205 luissent.
1327 3130 1448 3206 Paullo
1486 3129 1571 3206 infra
1612 3126 1811 3205 videbimus
1840 3152 1912 3204 uon

278 3240 395 3316 fuisset
433 3243 469 3317 in
499 3241 579 3340 libri
621 3243 712 3320 calce
743 3267 869 3318 nomen
900 3267 1067 3349 typogra-
1122 3241 1285 3318 interiisse
1314 3240 1530 3346 deplorando
1558 3241 1744 3317 infortunio
1773 3265 1913 3316 memo-

278 3353 361 3460 phi,
397 3357 457 3459 qui
487 3353 617 3461 grande
655 3353 741 3432 illud
779 3381 891 3461 opus,
929 3359 1067 3433 nemine
1123 3353 1212 3444 riam
1254 3355 1413 3445 artificis,
1443 3353 1500 3433 sed
1547 3355 1764 3432 disertissime
1793 3353 1837 3428 ad
1867 3352 1915 3428 li-·

280 3492 490 3544 monstrante
520 3469 634 3555 viam,
655 3469 850 3576 explesset,
870 3470 1067 3576 praestitae·
1123 3467 1174 3543 bri
1203 3466 1332 3544 calcem
1360 3471 1510 3559 serrari,
1551 3468 1750 3574 nullamque
1780 3467 1815 3542 in
1847 3465 1912 3544 hae

279 3606 349 3686 que
378 3581 562 3656 industriae
592 3581 764 3687 specimen
795 3581 828 3657 iu
859 3607 898 3657 ea
927 3581 1066 3659 civitate
1121 3576 1274 3657 editione
1319 3608 1449 3688 partem
1485 3583 1709 3658 Soncinenses
1743 3604 1916 3687 typogra-

280 3695 413 3798 primus
442 3691 609 3769 dedisset.
653 3693 692 3769 ld
723 3717 808 3772 vero
845 3719 910 3768 uec
938 3694 1069 3800 reperi·
1124 3691 1213 3796 phos
1241 3719 1430 3800 eorumque
1460 3718 1566 3801 typos
1595 3694 1772 3771 habuisse.
1803 3692 1915 3768 Vide·

281 3829 336 3879 tur
365 3808 398 3880 io
430 3829 621 3880 memorato
653 3805 848 3893 volumine,
869 3831 932 3882 nec
952 3807 997 3882 ab
1018 3805 1069 3882 nl·
1125 3804 1239 3880 bimos
1267 3807 1370 3882 etiam
1402 3807 1516 3913 paullo
1559 3831 1658 3914 post,
1695 3833 1756 3884 seu
1786 3806 1916 3882 adan.

283 3914 1914 4024 hfflwwmmwmmffimmmrssffimmmwmmeSmm

281 4026 439 4103 Profecto
467 4027 679 4134 deplorando
716 4027 901 4103 infortunio
928 4026 1070 4134 depres-
1125 4029 1362 4134 typographus
1390 4029 1431 4104 ad
1463 4031 1706 4106 excudendum
1728 4035 1915 4106 Pentateu-

281 4167 359 4217 sum
386 4139 490 4216 suisse
519 4141 779 4249 typographum
808 4139 907 4215 illum
929 4140 1068 4218 credere
1124 4139 1230 4214 chum
1268 4166 1423 4218 nostrum
1453 4143 1582 4218 accitus
1619 4143 1686 4246 sit,
1727 4166 1765 4216 ut
1796 4145 1911 4247 potins

279 4252 509 4344 deberemus,
532 4254 561 4328 si
591 4255 754 4330 memoria
781 4253 895 4339 omnis
923 4276 960 4329 et
987 4253 1068 4330 arti·
1123 4275 1143 4326 e
1172 4253 1321 4329 Bononia
1351 4254 1539 4331 Soncinum
1568 4254 1673 4329 nostri
1694 4253 1798 4348 buius
1819 4257 1911 4328 Pen-

279 4365 376 4456 ficis,
417 4387 451 4441 et
490 4363 587 4441 ardui
626 4367 738 4442 exacti
778 4365 901 4441 laboris
929 4392 1068 4473 prorsus
1124 4364 1272 4441 tateuchi
1303 4367 1542 4474 typographus
1581 4367 1624 4442 sii
1655 4365 1837 4442 accersitus
1866 4362 1911 4442 ad

279 4477 481 4554 interiisset.
509 4483 627 4585 ltaque
645 4477 859 4555 asserendum
879 4503 974 4566 reor,
996 4507 1065 4556 non
1124 4474 1351 4582 imprimenda
1377 4479 1506 4586 integra
1537 4479 1664 4556 Biblia.
1695 4486 1740 4554 At
1770 4476 1914 4556 verosi

279 4617 325 4668 ex
353 4590 417 4665 alia
447 4591 582 4668 officina
618 4618 722 4697 quarn
752 4593 971 4677 Soncinensi,
1008 4593 1068 4669 he·
1123 4589 1227 4666 salsae
1265 4617 1343 4666 sunt
1383 4593 1474 4668 Saxii
1513 4598 1752 4696 conjecturae,
1797 4591 1913 4669 verior

281 4704 415 4781 braicae
444 4707 693 4812 typographiae
735 4702 937 4811 desumptos
966 4704 1067 4782 fuisse
1123 4728 1193 4778 non
1223 4726 1273 4778 est
1305 4703 1418 4781 Maffei
1439 4706 1580 4810 opinio,
1608 4731 1813 4809 constatque
1837 4729 1914 4780 rum

281 4839 386 4925 typos
416 4818 605 4893 Bononiam
633 4816 778 4906 allatos,
804 4816 900 4922 quod
945 4841 980 4893 et
1008 4817 1068 4893 ali·
1123 4839 1168 4889 ex
1209 4816 1451 4895 Dissertatione
1495 4843 1609 4894 nostra
1658 4816 1912 4925 praeliminari,

281 4929 1914 5036 mmfflmummssmfflmmffimmwfflwmm

282 5043 465 5120 braeornm
505 5041 550 5120 de
589 5044 739 5120 Sourino
768 5042 945 5119 manifeste
972 5071 1068 5121 com·
1126 5043 1238 5118 minus
1264 5040 1348 5117 falso
1384 5046 1555 5122 Bononiae
1595 5044 1774 5120 hebraicae
1809 5067 1916 5148 rypo-

283 5162 455 5264 perimnsa
484 5156 636 5262 adeoque
665 5159 787 5232 intacta
823 5179 974 5230 remanet
995 5163 1068 5234 Me·
1124 5155 1287 5260 graphiae
1316 5156 1505 5262 primatum
1533 5156 1697 5232 attribui.
1739 5160 1780 5229 Et
1810 5155 1916 5230 Tira-

279 5269 470 5345 diolanensi
514 5295 646 5347 nostrae
674 5267 859 5375 metropoli
888 5270 1070 5376 peculiaris
1125 5267 1307 5355 bosclrius,
1344 5269 1405 5374 qni
1443 5293 1476 5342 et
1516 5271 1587 5374 ipse
1616 5295 1695 5344 eum
1725 5287 1914 5368 agnoverat

283 5383 369 5464 haec
396 5381 470 5460 laus
498 5437 541 5472 „.
1126 5379 1161 5455 in
1192 5379 1302 5486 prima
1343 5405 1424 5458 suae
1461 5381 1632 5458 Historiae
1670 5379 1842 5467 editione,
1881 5378 1916 5456 iu
