5146 7094
668 709 719 785 86
1078 708 1447 785 ANNALES
1496 708 1848 782 Hau-Tre.

666 891 795 966 stitnns
824 910 858 962 et
897 889 1092 962 Romanurn
1134 910 1278 992 regnum
1308 881 1458 977 directa,
1516 880 1605 960 hanc
1648 882 1819 960 debemus
1868 878 2064 958 hebraicam
2108 883 2311 966 Aticennae

667 1028 756 1108 quae
787 1004 819 1074 in
849 1001 922 1076 aliis
956 996 1165 1074 editionibus
1205 996 1392 1102 aliquando
1426 1022 1461 1072 a·
1516 996 1662 1074 Canonis
1704 995 1899 1074 versionem
1928 1023 1967 1072 ac
1994 995 2304 1102 splendidissimam

664 1119 904 1191 scribuntura
949 1113 1081 1192 ludaeis
1121 1109 1165 1188 ad
1195 1109 1385 1217 marginem
1417 1161 1459 1202 „.
1516 1106 1763 1198 editionem,
1753 1133 1788 1183 tn
1818 1111 1915 1212 cujus
1943 1132 2020 1186 aera
2050 1109 2231 1190 christiana
2254 1141 2306 1192 re·

538 1291 541 1299 .
664 1232 787 1304 Parnm
816 1251 929 1301 tamen
970 1224 1132 1332 proprie,
1171 1248 1349 1312 accurate,
1377 1249 1461 1300 cau-
1517 1222 1656 1300 ferenda
1695 1222 1786 1300 idem
1816 1249 1834 1297 a
1865 1221 2113 1332 bibliograplris
2142 1228 2308 1306 omnibus

541 1366 559 1440 ᾗ
664 1364 698 1417 te
729 1364 894 1445 uterque,
933 1365 1043 1444 quum
1084 1363 1131 1414 cx
1159 1363 1200 1414 ea
1229 1337 1457 1444 appellatione
1514 1336 1629 1442 lapsus
1669 1336 1973 1423 commissus-est,
2002 1363 2108 1443 quern
2140 1337 2173 1415 in
2205 1367 2307 1447 prae-

550 1459 579 1480 ’“
663 1459 795 1530 Veneta
825 1454 939 1560 aliqua
967 1451 1074 1528 editio
1103 1450 1249 1528 incautis
1272 1451 1459 1560 minusque.
1512 1449 1713 1529 cedentibus
1741 1449 1960 1527 Immanuelis
1988 1453 2306 1557 Cotnposirionibus

660 1566 774 1644 doctis
803 1565 1011 1644 obtrudatur
1038 1592 1127 1671 quae
1157 1591 1225 1642 nott
1248 1563 1384 1641 existit.
1416 1568 1454 1639 Iu
1512 1564 1792 1642 emendavimus.
1833 1563 1971 1640 Etenim
2009 1564 2082 1640 dies
2110 1591 2150 1641 vt
2180 1570 2306 1647 mensis

664 1707 708 1757 eo
748 1707 833 1759 veto
875 1677 1012 1789 grav-ius
1057 1675 1360 1787 reprehendendus
1405 1699 1456 1753 esr
1511 1676 1641 1755 chislev
1671 1677 1796 1780 judaici
1820 1677 1901 1753 anni
1923 1677 2065 1754 minoris
2093 1703 2210 1768 ectu,
2232 1709 2305 1788 qno

663 1793 917 1882 Bartoloccius‚
958 1793 1054 1900 quod
1100 1791 1348 1870 lmtnauuelem
1393 1789 1455 1868 bar
1511 1791 1668 1869 absoluta
1696 1816 1748 1870 est
1787 1789 1914 1883 editio,
1946 1790 2066 1868 incidit
2097 1795 2131 1868 in
2163 1821 2307 1872 novem·

663 1909 804 1985 Salomb
843 1907 887 1984 ab
927 1906 1139 1984 immanuele
1183 1907 1249 1982 ben
1294 1904 1455 1983 Scelomb
1511 1906 1607 1983 brem
1630 1907 1707 1983 anni
1728 1904 1834 1982 nostri
1871 1931 1997 2003 1491,
2017 1929 2053 1980 et
2076 1906 2204 1983 idcirco
2223 1909 2305 1986 huic

663 2021 877 2130 distinguat,
916 2020 965 2104 illi
997 2021 1307 2112 Commentarios
1297 2045 1331 2094 ru
1361 2023 1454 2098 Can·
1510 2045 1601 2096 anno
1630 2021 1746 2099 adbuc
1786 2019 1979 2096 decurrenti
2023 2045 2063 2096 ea
2103 2019 2208 2096 deber
2237 2022 2305 2097 ad-

663 2135 770 2212 ticnm
822 2163 861 2212 ac
906 2117 1121 2222 Proverbia‚
1176 2131 1258 2211 hnic
1304 2135 1454 2240 poeticas
1510 2133 1632 2223 scribi,
1673 2161 1742 2210 non
1785 2160 1876 2211 anno
1926 2159 2053 2232 1492,
2091 2158 2128 2210 ut
2168 2159 2304 2214 summa

662 2250 985 2355 compositiones
960 2237 1171 2336 attribuetis,
1192 2273 1295 2352 atque
1317 2272 1361 2323 ex
1385 2273 1455 2324 uno
1513 2247 1738 2325 consensione
1766 2245 1945 2352 bucusque
1975 2247 2200 2324 factumest.
2226 2251 2305 2325 Tri·

663 2361 875 2474 eodemque
886 2388 1047 2455 auctore
1051 2351 1163 2438 bin0s
1193 2361 1342 2437 efficiat·
1385 2367 1456 2436 Art·
1513 2361 1576 2439 bus
1605 2385 1737 2439 constat
1767 2361 2025 2449 voluminibus,
2053 2388 2204 2466 quotum
2236 2367 2307 2468 pri-

660 2499 734 2552 ctor
765 2502 868 2584 porro
879 2475 1041 2554 Firmi
1031 2501 1066 2550 tn
1098 2468 1212 2552 Marta
1241 2474 1453 2552 anconitana
1511 2501 1607 2550 mum
1638 2473 1737 2552 binos
1779 2476 1907 2581 priores
1945 2477 2098 2551 continet
2126 2477 2232 2552 libros
2261 2505 2305 2554 ac

660 2615 779 2697 reapse
821 2590 934 2681 vixit,
974 2614 1043 2664 uon
1073 2591 1199 2666 uixisse
1244 2589 1374 2680 fertur,
1413 2614 1453 2666 nt
1509 2588 1602 2664 folia
1641 2615 1741 2690 143,
1768 2588 1959 2666 secundum
1992 2588 2117 2666 librum
2161 2592 2306 2668 tertium

660 2703 766 2780 habet
806 2703 1021 2793 Biscionius,
1067 2726 1226 2810 paretque
1254 2701 1289 2779 id
1320 2727 1364 2776 ex
1393 2727 1452 2778 au·
1509 2729 1548 2778 ac
1576 2702 1657 2779 folia
1693 2729 1791 2803 192,
1821 2705 1960 2780 tertium
1992 2729 2183 2808 postremos
2210 2703 2300 2782 dnos

658 2817 764 2895 ctoris
793 2817 900 2923 ipsius
931 2817 1127 2894 testimonio
1147 2815 1190 2891 de
1213 2840 1248 2892 se
1271 2816 1336 2892 sub
1355 2841 1451 2923 prae·
1507 2839 1541 2891 et
1570 2815 1650 2892 folia
1687 2843 1788 2914 141,
1819 2818 1962 2924 paginae
1993 2817 2080 2892 binis
2109 2817 2302 2908 colomnis,

657 2930 794 3008 farionis
834 2932 971 3014 initium
1011 2929 1207 3036 loquentis,
1247 2929 1305 3005 ubi
1336 2955 1449 3008 tamen
1507 2929 1688 3006 columnae
1716 2930 1814 3006 lineis
1845 2955 1917 3029 50·
1953 2928 2163 3007 Praecednnr
2190 2931 2301 3011 tribus

659 3073 722 3154 pro
750 3065 899 3138 tonna,
924 3043 1020 3151 quod
1050 3043 1215 3121 mendose
1244 3042 1346 3119 babet
1376 3046 1452 3120 Bri·
1507 3040 1597 3122 foliis
1625 3069 1723 3120 extra
1752 3045 1959 3152 signaturam
1984 3043 2181 3121 Anicenuae
2205 3071 2304 3151 prae-

656 3161 784 3236 xiensis
814 3181 927 3236 nostra
957 3157 1081 3247 editio,
1117 3155 1302 3234 correctius
1331 3157 1451 3264 legen·
1507 3154 1590 3234 fario
1619 3180 1653 3234 et
1693 3184 1705 3234 1
1736 3157 1812 3234 libri
1842 3157 1972 3245 index,
2000 3160 2061 3263 qui
2091 3183 2126 3234 er
2154 3160 2300 3268 singulis

657 3272 744 3348 dnm
773 3294 885 3351 mann
924 3281 958 3346 r'n
1000 3279 1143 3360 Fermo,
1182 3294 1221 3346 ut
1259 3268 1341 3377 legit
1370 3270 1452 3348 cod·
1507 3270 1601 3346 libris
1630 3269 1850 3378 praefigitur.
1878 3275 2023 3380 Paginae
2055 3271 2183 3348 babent
2213 3274 2303 3351 ritu-

658 3411 756 3462 meus
787 3385 889 3484 647,
918 3385 979 3490 qui
1006 3408 1041 3461 et
1070 3387 1105 3461 in
1131 3382 1203 3460 aliis
1233 3407 1302 3456 non
1333 3383 1450 3489 paucis
1507 3383 1558 3458 los
1586 3409 1621 3460 et
1649 3384 1863 3492 signatum,
1903 3412 1943 3462 ac
1973 3385 2050 3492 typi
2096 3410 2176 3462 sunt
2206 3413 2300 3495 qua-

658 3498 703 3574 ab
733 3496 828 3573 edito
856 3497 1047 3604 discrepat.
1072 3501 1126 3572 Ex
1154 3495 1289 3578 ludaeis
1317 3521 1366 3572 sat
1395 3524 1450 3572 ac·
1507 3496 1596 3572 drati
1626 3497 1805 3587 minores,
1832 3500 1986 3607 exceptis
2015 3499 2205 3594 librorum,
2233 3527 2299 3578 ca-

657 3635 773 3689 curate
801 3639 889 3718 opus
918 3611 1083 3718 binasque
1111 3615 1185 3712 ejus
1202 3609 1367 3687 editiones
1388 3610 1448 3686 sed
1507 3612 1642 3718 pirum,
1669 3613 1885 3706 sectionum,
1914 3612 2069 3690 indicum
2113 3613 2298 3694 initialibus

656 3751 720 3832 pro
760 3725 920 3801 instituto
959 3751 1023 3800 suo
1062 3723 1260 3800 brevissime
1300 3721 1449 3801 delineat
1509 3722 1712 3815 vocabulis,
1741 3750 1829 3831 quae
1859 3729 1954 3834 typis
1983 3728 2193 3807 exhibentur
2221 3757 2305 3809 ma-

655 3843 694 3914 R.
725 3839 860 3914 Scabrai
883 3841 916 3914 in
937 3836 1040 3915 Scifre
1069 3835 1230 3942 jescenim
1260 3836 1325 3912 sub
1352 3864 1449 3914 num·
1506 3836 1658 3944 juribus.
1686 3839 1760 3916 Sub
1788 3839 1891 3915 finem
1923 3865 1949 3918 11
1977 3840 2057 3921 libri
2084 3868 2125 3920 ac
2154 3849 2169 3920 Ι
2199 3843 2300 3921 volu-

661 3977 736 4050 127
769 3977 803 4059 p.
825 3977 901 4048 4¹·
930 3955 1033 4028 Extat
1060 3975 1176 4026 nostra
1198 3949 1305 4027 editio
1326 3952 1361 4027 in
1383 3956 1450 4030 Va·
1507 3952 1608 4029 minis
1636 3951 1798 4060 leguntur
1825 3953 1933 4032 lraec:
1962 3954 2071 4054 asub
2103 3979 2208 4036 rt'nn
2236 3981 2302 4050 trau

655 4067 789 4153 tisana,
826 4065 861 4139 in
900 4064 1080 4157 Medicea,
1109 4065 1385 4173 Seligmaniana‚
1415 4065 1449 4140 in
1507 4087 1588 4144 nb
1615 4062 1716 4145 brba)
1744 4087 1791 4144 nn
1817 4120 1825 4140 .
1854 4089 1946 4150 'tntu
1984 4092 2085 4149 nou
2112 4091 2191 4163 Tun
2229 4092 2302 4149 nutu

654 4202 788 4264 nostra,
820 4202 853 4254 er
883 4201 929 4252 ex
950 4181 1167 4255 concessione
1189 4180 1325 4256 alterius
1342 4177 1450 4256 nostri
1508 4199 1572 4256 nm
1610 4200 1666 4262 tur
1709 4199 1750 4263 ut
1789 4203 1860 4280 nou
1899 4203 1938 4260 a]
1964 4176 2063 4268 'tantu
2105 4181 2132 4262 ‘n
2177 4204 2301 4264 flattu

655 4291 865 4399 exemplaris
886 4292 978 4398 apud
990 4292 1043 4388 cl.
1063 4293 1187 4369 Adler.
1208 4292 1314 4392 Quod
1345 4295 1449 4397 possi·
1506 4311 1561 4384 tau
1586 4283 1674 4371 ‘nnn
1703 4290 1811 4371 anub
1839 4351 1849 4370 .
1877 4317 1929 4374 ttut
1957 4317 2023 4376 'tan
2050 4295 2152 4376 'barb
2181 4348 2191 4370 ·
2219 4317 2300 4380 ttull

654 4405 758 4481 debat
787 4405 1037 4492 baudonius,
1066 4404 1204 4512 reperiri
1221 4405 1324 4482 debet
1342 4406 1376 4480 in
1397 4406 1450 4481 bi·
1506 4425 1595 4496 annu
1621 4402 1721 4485 ''tnun
1759 4427 1831 4485 'tun
1866 4431 1915 4486 *ru
1941 4429 2018 4492 aas
2059 4431 2098 4487 ’τ’
2127 4409 2168 4494 by
2201 4462 2211 4482 .
2239 4431 2301 4488 ’νο

652 4517 826 4593 bliotlreca
864 4543 890 4593 s.
920 4519 1169 4607 pudentianae,
1210 4519 1341 4625 inqua
1375 4525 1448 4623 eJus
1504 4517 1579 4595 nos
1607 4517 1700 4602 t-nu
1729 4546 1739 4598 r
1767 4543 1857 4598 :nrt
1895 4543 2053 4601 runturt
2082 4518 2158 4601 ‘nun
2197 4545 2297 4602 ustus

652 4629 734 4706 libri
763 4630 921 4718 collocari
949 4654 1028 4708 sunt
1057 4659 1094 4708 ac
1119 4631 1227 4709 modo
1254 4655 1446 4712 servantur.
1501 4626 1574 4728 'pr
1602 4657 1660 4712 aaa
1700 4689 1722 4764 '.'
1749 4633 1903 4713 Laudem
1934 4637 2081 4713 tribuam
2113 4639 2297 4744 possessori

1009 4785 1086 4876 XL
1505 4773 1584 4824 meo
1613 4750 1672 4854 qni
1702 4747 1736 4822 in
1767 4750 1856 4825 viam
1887 4751 2039 4828 veritaris
2068 4749 2215 4826 deduxit
2238 4776 2296 4828 me

1504 4859 1574 4938 hnc
1604 4861 1833 4968 Neapolim
1824 4889 1858 4938 tn
1888 4863 2031 4941 domum
2061 4865 2195 4942 domini
2225 4863 2300 4938 mei

706 4972 891 5059 Atticenrrne
920 4972 1032 5048 Canon
1053 4975 1095 5046 ab
1112 4997 1279 5072 anonymo
1309 4978 1439 5049 rebrat·
1496 4977 1539 5048 R.
1567 4975 1702 5052 Azariel
1747 4975 1878 5052 filiiR.
1918 4979 2082 5086 loseplri‚
2109 4983 2206 5083 cujus
2235 5002 2292 5053 re-

646 5112 683 5160 ce
712 5087 917 5171 translatas,
954 5093 989 5158 t'rr
1022 5088 1139 5186 [σὴς
1173 5093 1253 5163 roll.
1286 5093 1438 5183 Neapoli
1497 5087 1596 5192 quies
1624 5089 1666 5165 sit
1696 5090 1729 5164 in
1762 5089 1864 5166 ltotto
1893 5091 2104 5200 uoluptatis,
2125 5117 2159 5168 et
2182 5115 2296 5198 usque

646 5225 732 5273 anno
764 5215 864 5271 carr
890 5207 1025 5274 rtrt'rrort's
1052 5211 1323 5297 suppurationis,
1353 5207 1434 5280 cnr.
1500 5221 1593 5300 nune
1620 5201 1753 5307 adjuvit
1782 5230 1859 5293 mc,
1884 5230 1920 5282 ut
1945 5206 2146 5313 perficerem
2163 5204 2293 5280 librum
2338 5225 2341 5234 ·

648 5329 861 5387 Mccccxcr.
994 5363 997 5371 ·
1502 5341 1530 5391 rr
1567 5317 1725 5423 sapientis
1764 5317 1891 5396 medici
1911 5320 2032 5394 ‘Aben
2065 5319 2166 5395 Sitrae
2181 5341 2205 5410 ,⁴
2230 5343 2293 5423 per

719 5423 913 5502 Medicinae
930 5423 1051 5503 studiis
1066 5451 1154 5534 quae
1171 5428 1324 5534 impense
1346 5455 1435 5505 sent·
1490 5455 1631 5505 manum
1661 5428 1729 5505 mei
1768 5432 1902 5508 minimi
1934 5439 2038 5508 Asccr
2067 5433 2126 5506 filii
2157 5432 2298 5537 sapien·

646 5563 708 5647 per
735 5537 962 5618 excoluerunt
997 5539 1136 5634 ludaei,
1166 5543 1442 5653 pulcherrimam.
1493 5544 1535 5620 tis
1565 5547 1603 5620 R.
1645 5548 1764 5622 Peretz
1796 5551 1926 5625 Mintza
1954 5545 2198 5653 compositoris
2229 5545 2296 5622 lit·-
