5146 7094
684 701 686 706 ·
798 681 1418 762 Pausnnxrrn
1575 660 1582 674 “
1861 683 1936 784 167

280 893 379 980 tegra
408 869 443 946 in
471 866 578 945 folio.
606 863 699 941 Alibi
721 887 861 971 qnoque
883 861 917 936 in
939 859 1022 940 lolio
1040 915 1080 950 ‚‚.
1137 883 1214 934 cem
1243 881 1349 934 manu
1380 857 1484 966 ipsius
1512 857 1672 936 Pellicani
1700 856 1825 965 scripta
1846 856 1934 936 haec

277 985 509 1060 Posteriorum
542 979 683 1055 nomine
711 1002 860 1086 quorum
883 973 993 1051 sorma
1010 973 1082 1050 Bri·
1138 971 1262 1047 verba:
1284 1025 1304 1058 ,,
1319 977 1486 1079 lmpressa
1502 971 1536 1048 in
1552 970 1709 1048 dominio
1724 977 1938 1050 Venetorum

279 1095 459 1172 aiensibus
499 1090 715 1169 accomodari
752 1089 888 1196 nequit,
917 1110 952 1162 et
980 1112 1080 1192 quo·
1138 1082 1223 1158 urbe
1263 1083 1435 1176 Pisanus,
1476 1111 1566 1162 anno
1612 1085 1754 1162 Domini
1811 1111 1938 1185 1494.

280 1235 360 1284 rum
388 1233 466 1284 aera
494 1231 563 1282 non
591 1205 675 1280 satis
699 1201 881 1292 definitur,
911 1200 965 1276 vel
993 1205 1082 1277 Son·
1137 1194 1287 1272 Conradi
1331 1197 1492 1274 Pellicani
1541 1197 1635 1276 dono
1678 1197 1799 1278 lodoci
1846 1198 1939 1275 Galli

279 1321 430 1398 cinensis
460 1317 628 1396 intellexit
655 1321 829 1395 Gesnerus
849 1341 868 1392 a
890 1313 1081 1390 Pisaurensi
1137 1307 1349 1416 Rubeaquer‘x
1378 1311 1540 1391 avunculi
1570 1365 1609 1401 ‚‚.
1639 1313 1692 1384 De
1722 1309 1787 1388 hac
1815 1312 1939 1390 eadem

280 1432 506 1543 typographo
533 1429 650 1518 edita,
678 1430 733 1508 vel
762 1427 972 1508 Pisaurensia
999 1426 1083 1501 anni
1135 1419 1289 1498 editione
1332 1426 1379 1500 sic
1429 1424 1618 1503 Pellicanus
1657 1421 1692 1498 in
1730 1427 1811 1504 Vita
1849 1451 1937 1503 suas

289 1571 390 1645 ¹5¹7
423 1570 511 1651 quae
540 1541 641 1622 unica
671 1567 791 1620 extant
821 1541 949 1647 integra
977 1536 1013 1613 in
1043 1563 1083 1614 ea
1140 1533 1322 1625 „Eodem
1365 1562 1456 1612 anno
1500 1540 1671 1636 (1500)
1721 1537 1937 1643 providentia

281 1661 368 1738 urbe
397 1685 546 1736 excusa.
573 1655 726 1732 Primum
756 1652 993 1732 verisimilius.
1020 1656 1083 1726 Fa·
1138 1647 1205 1721 Dei
1233 1646 1380 1754 contigit
1419 1649 1646 1756 bibliopolam
1675 1649 1937 1760 Tubingensem

285 1773 348 1850 cile
377 1773 468 1848 enim
497 1769 564 1847 fuit
592 1766 805 1878 typographi
833 1765 979 1873 patriam
999 1789 1082 1842 curn
1137 1758 1292 1836 attulisse
1330 1761 1439 1839 Biblia
1466 1763 1624 1840 hebraica
1662 1760 1794 1872 integra
1832 1765 1938 1843 mini-

284 1885 363 1962 loco
401 1884 634 1992 impressionis
679 1876 920 1969 confundere,
967 1899 1003 1952 et
1043 1900 1082 1952 ut
1136 1897 1194 1948 ma
1231 1861 1343 1949 forma
1384 1875 1547 1983 impressa
1584 1873 1714 1952 Pisauri
1753 1875 1787 1950 in
1814 1876 1937 1967 ltalia,

283 2022 365 2076 sunt
390 1997 451 2105 qni
479 1995 641 2072 editionis
669 1993 790 2070 urbem
819 2016 899 2070 cnm
930 1988 1015 2066 urbe
1033 1989 1084 2064 in·
1137 2007 1228 2090 quae
1255 2011 1359 2062 nemo
1387 1990 1553 2067 curabat.
1590 1996 1663 2098 Ego
1692 1986 1855 2078 audiens,
1882 2018 1939 2067 ro·

283 2113 415 2190 c'olatus
444 2103 630 2188 Abrahami
669 2105 734 2184 ben
771 2103 906 2181 Chaiim
935 2102 1085 2180 confun-
1137 2098 1218 2205 gavi
1247 2097 1381 2190 virum,
1421 2103 1547 2181 sineret
1590 2129 1645 2180 me
1681 2127 1769 2208 opus
1805 2104 1937 2212 aliquot

284 2223 429 2311 dentes,
455 2220 563 2302 Biblia
591 2219 813 2298 Soncinensia
833 2217 999 2294 dixerunt
1018 2221 1085 2292 Bo·
1137 2209 1261 2288 diebus
1289 2213 1482 2320 inspicere;
1509 2215 1607 2296 dedit
1636 2215 1777 2304 dicens,
1803 2218 1936 2296 lloreno

281 2337 406 2414 aoniae
434 2334 548 2423 edita,
575 2359 646 2412 esse
675 2330 808 2440 optime
838 2351 1027 2440 potuerunt
1047 2351 1082 2405 et
1135 2349 1220 2399 cum
1247 2323 1392 2408 dimidio
1420 2355 1519 2436 posse
1547 2331 1637 2408 emi.
1682 2327 1837 2406 Audiens
1867 2355 1936 2410 ram

284 2451 437 2528 extitisse
471 2472 590 2526 revera
617 2445 778 2523 videntur
817 2445 878 2551 qui
919 2440 1083 2550 neglectis
1140 2461 1249 2543 parvo
1287 2463 1365 2516 aere
1407 2444 1599 2550 comparari
1638 2467 1761 2549 posse,
1796 2445 1938 2522 exulta·-

283 2563 341 2640 vel
369 2587 438 2640 non
476 2585 526 2638 sat
554 2559 735 2638 intellectis
760 2582 820 2636 aut
856 2556 953 2634 lectis
980 2555 1083 2632 etiarn
1143 2550 1179 2623 vi
1208 2575 1259 2626 ec.
1286 2602 1330 2643 ‚‚.
1371 2556 1556 2664 Exemplar
1584 2556 1731 2634 alterum
1759 2555 1938 2636 Pisauren-

283 2675 381 2752 aliter
409 2671 691 2784 praecedentibus
713 2671 847 2763 verbis,
868 2687 1028 2750 :tuanen
1047 2687 1084 2760 to
1137 2663 1184 2738 sis
1212 2687 1345 2740 nostrae
1385 2666 1545 2747 editionis
1586 2669 1680 2778 apud
1706 2667 1853 2752 ludaeos
1880 2698 1937 2748 se-

281 2809 379 2867 rvom
407 2809 499 2881 totto
537 2815 583 2864 ex
605 2791 805 2863 -tt'nctnrr'bus
841 2791 984 2880 regionis
1013 2787 1083 2858 Pr·-
1139 2774 1209 2851 mel
1238 2799 1372 2854 tantum
1400 2805 1436 2858 se
1466 2783 1589 2860 vidisse
1617 2807 1760 2862 testatur
1788 2789 1938 2862 Buxtor·

283 2911 397 2994 sauri,
426 2899 555 2978 Pisauri
582 2925 708 2978 excusa
734 2897 963 2977 crediderint.
1137 2889 1225 2977 fius,
1260 2913 1406 2998 earnque
1435 2922 1544 3004 nuper
1574 2896 1716 2975 demum
1746 2898 1780 2974 in
1810 2897 1940 2986 biblio-

620 3073 747 3148 ΧΗ
1139 3001 1239 3080 theca
1267 3005 1424 3084 Carolina
1466 3011 1632 3118 inspicere
1664 3009 1729 3086 sibi
1755 3012 1938 3121 contigisse

1139 3115 1365 3226 Hortingerus
1392 3120 1551 3200 adnotat.
1593 3130 1676 3225 Quo
1704 3122 1832 3200 factum
1860 3150 1939 3216 est,

369 3243 492 3317 Billis
524 3264 597 3314 cunr
631 3247 768 3336 punctis
807 3245 841 3313 r'n
881 3237 916 3310 8.
945 3239 1085 3312 Pisauri
1140 3255 1179 3306 ur
1208 3229 1243 3305 in
1272 3251 1447 3312 tantorum
1476 3239 1628 3314 virorum
1672 3235 1939 3344 productorum·

282 3377 334 3426 nn.
367 3371 503 3440 cczrr,
532 3357 607 3430 Chr.
644 3371 885 3430 Mccccxcrr.
1137 3367 1209 3450 que
1234 3344 1482 3452 exemplarium
1502 3351 1571 3426 sade
1592 3377 1709 3428 secure
1730 3354 1798 3450 jam
1818 3374 1938 3431 aucto-

359 3465 550 3543 Pellicanus
580 3463 613 3542 in
641 3489 724 3543 nota
752 3491 813 3542 ms.
841 3461 885 3540 ad
916 3461 1084 3539 Turicen·
1139 3481 1193 3534 res
1209 3454 1330 3562 reliqui
1358 3463 1613 3567 acquieverint,
1644 3464 1825 3572 Davidque
1854 3465 1938 3542 Cle-

285 3601 322 3654 se
352 3577 551 3684 exemplar,
578 3580 776 3656 Buxtorfius
804 3574 967 3652 Biblioth.
987 3575 1082 3650 rabb.
1141 3596 1238 3646 mens
1257 3571 1318 3678 qui
1346 3570 1391 3649 de
1419 3577 1509 3655 binis
1538 3576 1709 3686 prioribus
1728 3577 1938 3656 editionibus

286 3717 320 3798 p.
354 3692 452 3784 268,
483 3691 709 3797 Hortingerus
736 3689 899 3766 Biblioth.
924 3681 1084 3792 quadrip
1141 3682 1175 3758 in
1204 3682 1291 3762 folio
1318 3705 1352 3762 et
1369 3715 1493 3795 quarto
1521 3690 1757 3781 dubitaverat,
1786 3716 1938 3768 nostram

287 3829 324 3908 p.
348 3829 443 3901 125,
472 3801 504 3878 le
524 3807 622 3908 Loug
650 3827 736 3878 tom.
765 3807 833 3908 lp.
856 3804 932 3885 62,
958 3803 1087 3874 Lorne·
1141 3795 1232 3876 hanc
1259 3801 1294 3875 in
1327 3803 1363 3877 8.
1393 3803 1599 3880 verissimam
1639 3830 1773 3882 censeat
1800 3829 1836 3882 et
1864 3810 1939 3882 hicn

285 3919 377 4021 jerus
406 3921 459 3992 De
487 3912 704 3992 bibliothecis
731 3939 806 4020 cap.
827 3911 1085 4002 x111‚Wollius
1140 3915 1329 4000 constatis,
1356 3939 1416 3991 seu
1443 3915 1596 3994 indubiis
1637 3919 1849 4024 argumentis
1877 3919 1941 4010 fir<

285 4053 373 4106 torn.
409 4055 435 4106 11
465 4054 544 4136 pag·
584 4031 662 4128 364
690 4051 726 4104 et
756 4029 865 4125 961,
901 4024 1085 4102 Orlandius
1141 4026 1292 4103 missime
1321 4051 1359 4103 ac
1389 4029 1583 4135 plenissime
1609 4031 1894 4134 comprobatam.

283 4165 383 4248 parre
412 4167 439 4218 u
469 4169 503 4246 p.
534 4164 638 4240 295,
666 4140 836 4216 Mairraire
863 4139 941 4214 loco
968 4138 1087 4214 landa·
1226 4144 1348 4239 Quum
1386 4165 1469 4218 vero
1512 4139 1612 4218 aliter
1649 4142 1733 4217 milti
1764 4143 1938 4220 videretur

286 4277 347 4343 to,
389 4253 635 4332 Sclrelltornius
672 4261 820 4330 Amoen.
857 4253 921 4330 litt.
961 4251 1030 4332 vol.
1057 4277 1085 4328 ιι
1141 4275 1176 4330 et
1215 4253 1384 4330 editiones
1422 4279 1542 4331 omnes
1581 4253 1794 4332 Pisaurenses
1835 4254 1940 4359 hujus

288 4393 325 4474 p.
354 4393 458 4466 419,
487 4365 663 4447 Walchius
691 4364 855 4444 Biblioth.
881 4389 978 4473 exeg.
1007 4390 1086 4474 pag.
1142 4369 1221 4443 anni
1250 4366 1392 4473 triplicis
1419 4367 1547 4444 formae
1575 4367 1802 4475 supposititiis
1830 4393 1942 4443 annu·

297 4506 365 4580 13,
404 4479 532 4560 Schulz
571 4481 695 4558 Critica
733 4479 886 4556 recensio
927 4479 1085 4554 editionis
1142 4507 1309 4557 onerarem
1338 4481 1373 4557 in
1402 4481 1647 4589 Disquisitinne
1680 4477 1725 4556 de
1754 4480 1834 4558 heb.
1862 4505 1940 4587 typ.

287 4597 432 4670 Gerson.
473 4619 551 4702 pag.
583 4620 657 4682 22,
694 4591 904 4670 Bibliotheca
933 4591 1084 4668 librar.
1140 4597 1225 4702 orig.
1256 4621 1289 4700 p.
1322 4596 1401 4682 80,
1439 4594 1752 4700 contenderemque
1781 4593 1940 4674 Pellicani

292 4709 389 4784 univ.
419 4729 502 4784 tom.
529 4712 545 4783 1
573 4733 609 4814 p.
640 4709 715 4805 96,
742 4705 901 4782 Clement
920 4704 1086 4783 Biblioth.
1141 4709 1319 4813 exemplar
1339 4707 1382 4785 ad
1412 4709 1622 4785 brixiensem
1651 4707 1836 4788 editionem
1863 4731 1942 4816 spe-

289 4845 362 4896 cur.
392 4817 451 4896 lib.
480 4845 544 4896 rar.
572 4843 654 4896 tom.
683 4843 723 4895 tv
752 4843 831 4927 pag.
863 4845 934 4917 27,
967 4817 1086 4896 Masch
1142 4845 1235 4898 crare
1262 4847 1353 4926 quae
1380 4821 1447 4898 hoc
1477 4846 1568 4898 anno
1597 4823 1630 4898 in
1660 4847 1701 4898 ea
1727 4820 1837 4900 forma
1861 4847 1941 4930 pro·

288 4938 417 5009 rom.1
459 4958 493 5037 p.
529 4958 599 5022 ιι,
637 4931 763 5040 quibus
789 4957 824 5008 et
861 4933 1089 5010 Kennicottus
1144 4932 1229 5024 diis,
1266 4934 1310 5010 cl.
1338 4934 1511 5031 Maschius
1553 4957 1590 5012 ut
1629 4934 1715 5012 certi
1756 4933 1939 5043 quidpiam

290 5043 521 5122 accensendus
569 5067 621 5123 est
662 5045 697 5122 in
738 5043 970 5122 Relatinnibus
1010 5073 1087 5123 anu.
1144 5045 1188 5123 de
1217 5047 1281 5124 hac
1309 5073 1345 5123 re
1373 5071 1536 5125 statueret
1564 5051 1599 5126 in
1628 5074 1718 5125 nova
1746 5073 1852 5153 quam
1881 5075 1942 5154 pa·

288 5156 477 5235 collationis
520 5185 597 5266 pag.
642 5183 740 5256 104.
781 5161 894 5261 Hujus
926 5158 1087 5238 editionis
1143 5159 1240 5236 rabat
1269 5159 1481 5240 Bibliotheca
1509 5175 1627 5248 sacra,
1653 5161 1859 5268 Tigurinum
1890 5163 1943 5267 ip·

288 5269 468 5378 exemplar
507 5270 699 5378 possidebat
738 5270 916 5349 (onradus
948 5271 1089 5352 Pellica·
1144 5299 1221 5350 snm
1249 5273 1445 5380 exemplar,
1482 5271 1525 5348 ad
1553 5270 1649 5380 quod
1688 5297 1758 5350 tota
1785 5277 1941 5379 quaestio

290 5407 375 5467 nus,
413 5381 508 5488 quod
548 5383 664 5462 adhuc
707 5408 864 5464 servatur
907 5387 1024 5464 Turici
1053 5387 1089 5462 in
1146 5383 1587 5492 revocabatur‚diligenter
1604 5384 1943 5464 conferendumcen-

291 5475 499 5575 bibliotheca
538 5497 696 5576 Carolina
735 5497 908 5608 habetque
944 5497 988 5576 ad
1016 5499 1092 5590 cal,-
1148 5499 1239 5576 suit.
1264 5553 1289 5590 „
1317 5498 1534 5578 characteres
1563 5497 1680 5606 itaque
1708 5524 1820 5578 certos
1839 5524 1874 5576 et
1894 5501 1945 5578 in·
