5222 7090
671 763 721 836 54
824 685 835 694 ²
1118 737 1466 811 ANNALES
1515 735 1864 808 Hem-Tre.

666 917 901 1018 conjeceram,
930 937 1041 1020 quum
1070 910 1207 987 trullum
1244 937 1290 986 cx
1318 910 1458 990 duobus
1699 913 2120 989 MCCCCLXXXVIII

649 1025 944 1134 exemplaribus,
986 1049 1076 1133 quae
1114 1029 1191 1129 ejus
1229 1022 1455 1118 detexeram,
1786 1077 1789 1084 -
1864 1083 1949 1156 XX

664 1141 856 1218 secundum
896 1139 989 1216 hunc
1027 1135 1183 1214 ordinem
1224 1137 1364 1216 haberet
1393 1137 1454 1216 ad·

663 1279 814 1330 nexum.
851 1256 949 1328 Patet
977 1251 1059 1328 hinc
1087 1277 1243 1328 extrema
1270 1256 1342 1353 ejus
1371 1253 1454 1328 rati·
1567 1254 1691 1328 Biblia
1718 1258 1856 1348 ,integra
1884 1279 1961 1326 cunt
1983 1257 2122 1346 punctis
2142 1273 2176 1324 er
2192 1280 2309 1336 accen,

664 1389 716 1444 tas
743 1393 782 1442 ac
812 1389 903 1443 tanta
942 1363 1109 1472 quidem,
1136 1390 1174 1441 ut
1202 1389 1356 1441 nostrum
1387 1365 1457 1441 hoc
1511 1369 1624 1454 ribos,
1651 1375 1686 1437 r‘n
1698 1367 1765 1459 fol.
1785 1375 1864 1440 min.
1881 1372 2019 1442 Sonciru'
2043 1392 2096 1438 an.
2125 1383 2308 1442 ccxntrrrr

665 1482 806 1556 unicum
828 1478 1006 1584 hucusque
1027 1479 1216 1554 innotescat
1236 1477 1456 1586 exemplum.
1510 1487 1589 1552 mitt.
1617 1503 1773 1574 suppra,
1806 1484 1932 1557 Cirrirtt'
1959 1497 2296 1555 nrccccrxxxxttr.

664 1598 807 1670 Constat
837 1595 864 1669 is
891 1591 983 1668 foliis
1026 1617 1121 1693 137,
1158 1591 1241 1668 albo
1267 1591 1362 1698 quod
1390 1592 1456 1670 sub
1597 1588 1759 1700 Singulae
1798 1591 1940 1697 quidem
1975 1591 2215 1668 hebraicorum
2244 1593 2304 1666 Bi-

663 1707 802 1784 initium
831 1707 998 1812 reperitur
1027 1731 1062 1781 et
1091 1704 1135 1780 ad
1154 1705 1313 1812 primam
1342 1708 1457 1814 signa·
1511 1699 1661 1779 bliorum
1692 1729 1806 1809 partes
1831 1704 1975 1782 seorsim
1998 1704 2177 1811 bucusque
2200 1706 2306 1782 variis

663 1845 774 1902 tutam
805 1819 1027 1926 pertinenia
1047 1845 1230 1894 numerum
1260 1845 1457 1927 assumpto,
1511 1817 1728 1923 temporibus
1752 1843 1791 1894 ac
1830 1818 1972 1896 diversis
2011 1819 2112 1896 etiam
2153 1819 2187 1894 in
2218 1817 2303 1896 locis

664 1934 882 2040 elegantique
920 1931 1065 2039 explicit
1087 1933 1261 2022 carmine,
1285 1931 1458 2038 cujusbi·
1510 1955 1592 2005 cum
1635 1933 1898 2008 Commentariis
1938 1930 2050 2008 editae
2077 1956 2181 2022 sunt,
2213 1957 2304 2037 quae

664 2073 709 2121 na
740 2071 896 2153 quaeque
927 2045 1143 2122 hemistichia
1170 2069 1320 2149 quatuor
1350 2073 1462 2122 mern·
1513 2045 1542 2118 si
1585 2045 1688 2122 simul
1733 2070 2002 2136 connectantur,
2046 2069 2083 2120 ut
2130 2071 2308 2122 connexae

662 2159 734 2235 bris
775 2157 999 2247 inciduntur,
1047 2185 1199 2265 quotum
1237 2159 1301 2235 tric
1342 2160 1457 2265 priora
1514 2157 1580 2263 ipsi
1607 2157 1794 2249 hahemus,
1821 2159 1993 2266 integrum
2016 2157 2211 2235 bibliorum
2227 2185 2305 2235 cors

660 2269 813 2350 eundem
852 2271 1020 2350 exhibent
1060 2270 1269 2378 rhytmum,
1295 2295 1457 2379 quartum
1514 2295 1579 2377 pus
1607 2272 1790 2348 conficient
1817 2271 2051 2348 selectioribns
2079 2272 2303 2348 rabbinorum

660 2386 870 2492 peculiarem
910 2387 1016 2462 alium
1044 2409 1120 2462 toto
1157 2386 1300 2461 carmini
1332 2412 1460 2463 comu-
1511 2385 1790 2490 expositionibus
1819 2385 2049 2462 illustratum.
2071 2389 2143 2461 Nec
2164 2385 2231 2461 alio
2251 2411 2303 2462 sa·

661 2525 767 2585 uem,
794 2497 929 2608 singula
970 2524 1086 2578 autem
1128 2497 1269 2574 duobus
1305 2498 1458 2576 bacchiis
1511 2521 1557 2571 ue
1584 2498 1700 2574 studio
1722 2499 1926 2575 bononiensi
1953 2497 2185 2574 Pentateucho
2216 2500 2308 2604 prior

662 2638 945 2718 componuntur.
982 2619 1024 2690 ln
1053 2613 1121 2690 hoc
1158 2615 1333 2701 carmine,
1359 2611 1456 2720 quod
1514 2636 1568 2686 tes
1594 2637 1638 2688 ac
1674 2611 1878 2718 posteriores
1906 2611 2093 2717 Prophetas
2121 2613 2302 2690 subnecte·

660 2724 783 2833 incipit
1445 2733 1470 2790 -’
1514 2749 1553 2799 te
1580 2726 1691 2802 conati
1718 2749 1799 2802 sunt
1830 2727 2056 2815 Soncinates,
2090 2751 2154 2801 nec
2182 2723 2305 2803 iisdem

659 2867 693 2888 ··
740 2858 896 2935 ntupum
923 2839 1056 2919 radun
1084 2859 1223 2918 :mm
1248 2859 1376 2916 :atrox
1514 2839 1733 2947 hgiographa
1762 2837 1972 2946 typographi
1994 2838 2226 2945 Neapolitani.
2257 2844 2307 2916 At

799 2952 889 3034 nuti
917 2974 1040 3033 tamon
1069 2975 1209 3048 :torm
1237 2973 1371 3032 :utu
1513 2948 1644 3060 integra
1683 2953 1784 3028 simul
1823 2951 1931 3029 Biblia
1968 2979 2048 3029 cum
2092 2954 2228 3058 punctis
2266 2977 2303 3029 et

660 3085 664 3096 '
747 3073 782 3144 Ο
814 3077 880 3142 riri
915 3078 1059 3144 veterani
1087 3077 1146 3167 qur·
1173 3095 1293 3164 magna
1334 3077 1458 3166 exqui·
1510 3065 1709 3142 accentibus
1723 3091 1759 3144 et
1773 3065 1900 3171 absque
1916 3067 2177 3142 Commentariis
2192 3065 2300 3142 eden-

831 3191 931 3268 ritis,
1509 3173 1553 3252 da
1601 3203 1706 3254 nemo
1746 3201 1974 3287 susceperat,
2022 3178 2148 3283 hicque
2190 3179 2303 3256 honos

725 3297 818 3398 -Qrtr'
845 3301 1070 3390 expositiones
1096 3319 1231 3398 senuas
1259 3299 1453 3370 desideratis
1509 3289 1711 3369 Abrahamo
1745 3293 1907 3369 Chaiimo
1940 3292 2197 3381 reservabatur,
2239 3293 2302 3400 qni

830 3434 1048 3506 cognoscere,
1150 3505 1155 3511 ,
1503 3429 1566 3480 sex
1609 3405 1739 3483 abhinc
1775 3408 1871 3485 annis
1912 3409 2063 3513 primum
2105 3409 2301 3482 Pentateu-

658 3539 693 3592 ct
721 3515 808 3594 sistit
849 3547 916 3627 pro
941 3545 1037 3596 more
1078 3518 1158 3596 libri
1187 3519 1365 3606 encomia,
1394 3518 1449 3595 di·
1503 3516 1612 3594 chum
1639 3519 1857 3628 vulgaverat,
1884 3520 2059 3626 editisque
2076 3544 2174 3594 antea
2196 3520 2296 3600 ratiis

653 3655 781 3708 cuntur
823 3635 889 3708 sub
931 3632 1118 3708 dimidium
1165 3637 1241 3734 ejus
1286 3634 1446 3739 exempla
1506 3629 1684 3710 hebraicae
1714 3633 1965 3741 typographiae
1985 3633 2217 3710 monumentis
2234 3659 2300 3712 no..-

656 3743 790 3824 :imin
815 3765 942 3824 numera
979 3759 1016 3821 r'n
1054 3750 1152 3823 lacot
1180 3739 1371 3840 'compium
1407 3773 1450 3822 ac
1506 3771 1588 3820 men
1624 3773 1728 3823 suum
1766 3746 1896 3823 illustre
1936 3745 2151 3824 reddiderat.
2198 3752 2298 3851 Opus

653 3857 774 3962 paullo
797 3883 874 3965 post
897 3885 991 3935 anno
1015 3856 1054 3936 ’Ἥ
1082 3860 1145 3935 't'tre
1172 3864 1238 3935 lux
1265 3865 1364 3946 milri,
1386 3885 1447 3935 seu
1505 3859 1628 3966 incipit
1658 3887 1751 3938 versa
1779 3858 1853 3936 folii
1882 3861 2008 3968 pagina
2036 3887 2055 3937 a
2085 3861 2193 3965 prima
2223 3865 2295 3936 Ge·

662 3996 766 4068 247,
796 3972 946 4050 initiales
984 3999 1071 4050 tero
1107 3974 1241 4048 litterae
1271 3973 1446 4048 membro·
1503 3974 1595 4049 nesis
1621 3999 1705 4049 voce
1733 3994 1885 4052 nutum
1924 3973 2118 4078 majusculis
2147 3977 2297 4050 ornatis·

654 4109 736 4158 rum
775 4088 904 4192 primae
941 4087 1123 4162 columnae
1164 4085 1246 4162 dant
1287 4085 1354 4160 hoc
1382 4113 1446 4160 no·
1502 4111 1570 4193 que
1599 4085 1720 4162 litteris
1758 4087 1851 4195 ligno
1892 4084 2069 4194 insculptis
2109 4111 2300 4193 expressa,

653 4222 737 4272 men
766 4200 898 4277 unruhu
924 4223 956 4294 ιι
982 4199 1089 4281 'subu
1118 4221 1171 4277 trte
1207 4207 1289 4298 Ego
1316 4203 1447 4298 Elieqer
1503 4226 1613 4305 eaque
1652 4200 1766 4276 tabula
1811 4201 1866 4278 vel
1893 4225 2016 4277 ornatu
2055 4199 2195 4292 clausa,
2234 4199 2293 4306 qni

646 4315 748 4410 filius
777 4321 934 4402 Alecto,
963 4312 1113 4421 reliquae
1153 4339 1219 4390 tres
1245 4315 1387 4390 initiales
1409 4317 1447 4390 in
1501 4313 1701 4390 Sotrcinensi
1729 4315 1899 4420 priorum
1930 4312 2180 4421 Prophetarum
2210 4316 2292 4390 edi-

652 4428 840 4532 exemplari
872 4453 1041 4506 vetustate
1079 4453 1259 4504 corrosae.
1296 4427 1447 4526 Snbjici-
1502 4427 1589 4502 tioni
1634 4427 1885 4532 praemittitur.
1927 4428 2054 4504 lisdem
2094 4426 2294 4529 majusculis

653 4559 708 4612 tut
736 4540 888 4647 sigillum
929 4565 1083 4617 erectum
1125 4541 1261 4616 leonem
1301 4566 1446 4646 neptae·
1501 4539 1689 4647 ligneisque
1732 4539 1857 4617 littetis
1892 4539 1949 4617 vel
1988 4539 2198 4616 dictionibus
2236 4539 2295 4614 inv

653 4672 812 4744 sentens,
853 4653 948 4757 quod
992 4652 1207 4762 typographi
1246 4678 1317 4728 esse
1359 4679 1445 4758 pto·
1500 4652 1667 4728 choantut
1712 4653 1866 4761 plerique
1903 4654 2003 4741 libri,
2047 4678 2134 4759 quae
2176 4677 2291 4730 tamen

652 4761 769 4867 prium
804 4790 955 4870 euntque
995 4765 1144 4842 indicate
1183 4791 1227 4840 ex
1259 4765 1448 4872 epigraphe
1501 4764 1625 4840 desunt
1669 4766 1703 4840 in
1742 4767 2050 4858 Deuteronomio,
2090 4764 2293 4858 iudicibus,

656 4874 783 4980 prioris
809 4878 940 4953 ordmis
958 4906 1056 4986 supra
1077 4878 1326 4954 intelleximus.
1354 4884 1447 4954 Cno-
1501 4878 1660 4956 Samuele
1680 4907 1719 4955 ac
1742 4882 1913 4988 Regibus,
1932 4881 2053 4956 relicto
2075 4904 2193 4955 earum
2217 4906 2297 4987 spa-

657 5012 705 5061 tra
745 5015 789 5064 ex
843 4990 949 5068 nostri·
994 4993 1181 5099 epigraphe
1224 4993 1448 5101 intelligimus
1502 4994 1577 5083 tio,
1603 4992 1638 5066 in
1668 4995 1755 5071 isaia
1784 5021 1867 5070 vero
1897 5003 2027 5099 majora
2055 4992 2199 5098 quidem
2230 4993 2295 5069 ad·

653 5099 805 5207 priorem
836 5105 872 5178 in
900 5105 991 5180 iscar
1020 5105 1152 5180 editum
1171 5103 1351 5193 fuisse,de
1372 5135 1447 5210 quo
1501 5105 1634 5194 hibita,·
1657 5106 1717 5182 sed
1747 5107 1820 5183 fusa
1851 5133 1915 5183 trec
1955 5131 2078 5185 ornata·
2104 5105 2296 5184 clementa..

651 5215 789 5291 incerto
815 5216 898 5293 loco
932 5225 1149 5321 conjecturas
1186 5245 1321 5295 nostras
1357 5219 1445 5295 iufra
1501 5220 1645 5296 Duabus
1690 5221 1865 5296 columnis
1909 5245 2067 5296 constant
2119 5221 2290 5328 paginae,

642 5326 832 5408 warderemus
861 5331 905 5407 ad
941 5333 1214 5409 Pentateuchum
1252 5360 1331 5410 cnm
1361 5339 1447 5410 Tar·
1505 5333 1807 5440 paucisexceptis
1834 5359 2021 5440 quaesunt
2044 5336 2295 5442 integrae,co·

646 5466 731 5547 gum
763 5469 803 5519 ac
831 5445 956 5525 Jarchii
983 5450 1186 5523 Comment-
1211 5471 1306 5523 auno
1338 5473 1444 5548 1490
1501 5448 1622 5522 lomna
1647 5447 1820 5550 quaelibet
1858 5448 2051 5525 comuniter
2092 5447 2187 5525 lineis
2222 5473 2299 5548 30,

647 5552 779 5634 ibidem
807 5558 1042 5668 impressum.
1108 5569 1110 5574 '
1501 5559 1691 5668 aliquando
1727 5585 1845 5638 tamen
1884 5589 1955 5640 una
1994 5563 2087 5638 linea
2124 5559 2291 5638 minuitur
