5146 7094
645 722 718 800 108
983 723 1233 798 ANNALES
1263 721 1535 796 Hem-Tre.
1567 719 1708 794 PARS
1737 717 1942 792 PRIMA.

634 899 708 978 diat
736 889 901 976 nuncium
941 887 1073 976 bonnm
1102 895 1147 972 de
1186 893 1338 992 adventu
1366 921 1423 972 re·
1480 917 1580 993 nnpn
1610 954 1617 970 .
1648 905 1747 970 nttn'
1771 915 1829 972 tort
1867 911 1954 974 nnn
1995 889 2277 973 mnnm'nnlno

633 1013 825 1122 demptoris
842 1037 877 1089 et
895 1009 1129 1089 aedificatione
1143 1011 1255 1088 urielis
1268 1035 1422 1102 amen„.
1479 1007 1521 1094 ln
1549 1031 1665 1102 mont
1693 1063 1701 1082 .
1731 1027 1853 1086 runnu
1892 1031 1980 1104 ntpn
2024 1006 2100 1090 tuln
2145 1028 2275 1084 nnmzm

634 1131 747 1204 Locus
777 1124 832 1208 ille
868 1145 931 1222 pnn
958 1151 1009 1202 est
1048 1122 1278 1234 proculdubio
1307 1129 1423 1200 Barco
1482 1119 1618 1201 ..nunni
1646 1145 1684 1200 ’u
1713 1119 1752 1198 ln
1797 1177 1819 1211 „
1848 1127 1902 1198 Αιι
1941 1145 2044 1228 super
2083 1120 2137 1196 nis
2166 1121 2278 1198 conti-

633 1265 744 1349 prope
776 1246 858 1337 Orn‘
885 1249 989 1318 nunni
1017 1240 1051 1316 in
1080 1237 1263 1315 Brixiensis
1286 1240 1426 1344 provin·
1482 1263 1562 1314 neas
1591 1259 1624 1312 te
1653 1260 1770 1312 contra
1794 1237 1968 1312 nationem
1990 1237 2185 1343 impuram,
2206 1232 2275 1312 ful·

634 1356 707 1430 ciae
736 1350 929 1430 confinibus
957 1352 1061 1442 situs,
1089 1380 1129 1430 ac
1159 1351 1336 1440 Soncino,
1370 1377 1426 1460 ty·
1482 1353 1575 1429 mina
1605 1373 1661 1427 tua
1703 1350 1786 1456 quin
1818 1373 1938 1426 contra
1977 1373 2054 1425 eam
2084 1347 2275 1442 immittas,

632 1465 804 1574 pographi
825 1467 932 1544 nostri
949 1467 1095 1574 patriae,
1126 1468 1325 1572 proximus.
1357 1470 1427 1542 Ce-
1482 1490 1517 1542 et
1557 1464 1747 1571 potentiam
1786 1490 1879 1541 tuam
1917 1461 2099 1540 ostendas?
2139 1461 2273 1569 Intinge

633 1604 747 1656 tetum
778 1583 812 1656 in
843 1605 985 1688 precum
1010 1603 1175 1656 contextu
1201 1577 1347 1687 plutima
1368 1579 1425 1658 hic
1482 1584 1557 1682 ejus
1585 1578 1749 1687 sangnine
1788 1577 1925 1684 sagittas
1966 1599 2064 1665 tuas,
2103 1572 2277 1684 gladium·

630 1717 818 1770 occurrunt
848 1691 1009 1771 adversus
1051 1685 1279 1770 Christianos¹
1297 1692 1427 1771 directa
1482 1717 1551 1798 que
1581 1713 1680 1768 tuum
1712 1690 1867 1768 validum
1897 1689 1987 1768 illins
2016 1689 2133 1796 adipe,
2165 1713 2200 1764 et
2229 1687 2276 1764 de

632 1833 722 1914 quae
760 1809 793 1882 in
837 1831 953 1883 nostro
1000 1805 1190 1913 exemplari
1229 1795 1309 1883 sunt
1336 1831 1427 1885 atra·
1483 1809 1555 1907 ejus
1600 1832 1700 1884 carne
1738 1805 1823 1881 satia
1864 1805 2036 1880 cornicem
2071 1827 2106 1878 et
2135 1803 2273 1907 accipi-

632 1945 751 1997 mento
781 1919 915 2008 deleta,
956 1919 990 1994 in
1020 1919 1197 1996 hodiernis
1235 1945 1316 1998 veto
1345 1918 1423 1996 edi·
1479 1944 1586 1996 trem.
1629 1923 1672 1996 Et
1715 1919 1865 1998 vindicta
1894 1941 2011 1994 contra
2039 1942 2115 1994 earn
2144 1917 2271 2021 scripta

632 2033 785 2109 tionibus
821 2033 992 2110 eliminata
1014 2061 1037 2108 .·
1068 2033 1168 2114 Plura
1206 2034 1293 2110 inter
1338 2035 1422 2110 haec
1478 2031 1687 2126 accederet,
1731 2035 1912 2139 veniatque
1951 2055 2059 2108 terror
2089 2028 2139 2106 tui
2168 2055 2272 2135 super

631 2171 720 2254 quae
750 2151 882 2224 Gerson
920 2148 991 2254 ipse
1021 2149 1054 2223 in
1084 2147 1147 2223 alia
1180 2173 1241 2222 sua
1270 2145 1422 2226 editione
1476 2173 1617 2224 omnem
1648 2171 1789 2256 gentem
1820 2172 1855 2222 ut
1887 2170 2002 2223 sumas
2031 2143 2125 2219 illatn
2147 2198 2183 2232 „.
2208 2146 2271 2220 So·

631 2286 721 2368 quae
749 2258 843 2366 apud
866 2285 921 2338 me
950 2285 1066 2350 extat,
1095 2286 1163 2336 non
1186 2257 1298 2338 minus
1326 2265 1424 2371 igno·
1478 2260 1512 2337 la
1541 2263 1604 2338 tria
1634 2264 1747 2370 priora
1776 2259 1945 2340 vocabula
1965 2258 2000 2334 in
2022 2254 2171 2335 secunda
2194 2255 2272 2333 edi-

632 2397 667 2450 ta
710 2399 750 2449 ac
792 2371 985 2464 rarissima,
1021 2399 1128 2482 quam
1159 2375 1286 2452 Pisauri
1324 2376 1423 2454 initio
1480 2373 1574 2452 tione
1602 2399 1752 2464 retenta,
1795 2375 1927 2480 reliqua
1954 2371 2111 2458 sublata,
2145 2393 2182 2446 nt
2211 2395 2272 2448 tn-

630 2512 701 2564 xvt
729 2486 834 2564 seculi
878 2486 1060 2596 vulgavit,
1101 2490 1238 2594 penitus
1265 2491 1423 2568 sustulit.
1480 2487 1574 2566 blata
1613 2513 1692 2565 sunt
1729 2488 1765 2564 in
1803 2487 1941 2566 Selicha
1976 2507 2032 2563 *nn
2072 2483 2113 2566 itt
2151 2481 2271 2561 mutin

630 2605 763 2678 Horum
795 2598 904 2677 multa
944 2603 1028 2680 sistit
1075 2601 1230 2710 precatio
1269 2626 1336 2680 nu
1375 2626 1424 2682 nrt
1480 2602 1561 2680 bina
1591 2601 1697 2711 impia
1739 2601 1844 2680 verba
1884 2621 1982 2678 nourr
2025 2619 2114 2678 mm*
2139 2600 2272 2696 foetum

632 2737 725 2798 trun.
751 2741 900 2820 quotum
930 2741 1078 2794 vacuum
1109 2739 1244 2791 tantum
1273 2719 1424 2824 spatium
1481 2723 1637 2805 sceleris,
1675 2712 1802 2822 quibus
1831 2717 2080 2792 sanctissimum
2111 2717 2272 2790 Servato·

630 2831 666 2906 in
695 2828 884 2904 Pisaurensi
914 2828 1142 2935 relinquitur,
1172 2827 1346 2935 impressis
1375 2855 1425 2910 ta·
1481 2857 1552 2908 rem
1582 2853 1737 2906 nostrum
1766 2828 1863 2906 innui
1893 2853 1928 2904 et
1958 2828 2080 2936 impeti
2109 2825 2202 2902 testis
2221 2847 2273 2901 est

629 2967 731 3028 rnen.
769 2941 865 3046 quod
904 2941 1097 3052 singulare,
1135 2967 1255 3022 eorum
1286 2945 1424 3052 punctis
1481 2941 1573 3052 apud
1604 2942 1753 3022 eundem
1793 2940 1989 3021 Wulferutn
2020 2969 2096 3050 pag.
2127 2965 2178 3040 43
2211 2966 2273 3016 ms.

630 3079 667 3133 ut
699 3053 830 3132 facilius
858 3057 1122 3164 supplerentur.
1152 3053 1226 3132 alia
1247 3083 1317 3134 non
1340 3087 1425 3166 pau·
1480 3056 1595 3134 codex
1623 3055 1938 3167 Notimbergensis,
1972 3055 2106 3160 aliaque
2126 3127 2129 3134 ,
2147 3051 2273 3162 passim

628 3195 669 3247 ca
698 3193 737 3244 ea
766 3194 856 3276 quae
885 3167 1005 3277 incipit
1035 3189 1121 3252 uun*
1148 3164 1215 3258 itt,
1244 3195 1285 3246 ac
1313 3173 1425 3279 potis·
1481 3173 1516 3246 in
1546 3169 1619 3249 aliis
1647 3197 1790 3280 precum
1820 3168 1977 3248 formulis
2005 3193 2094 3275 quae
2113 3193 2176 3243 nos
2196 3192 2275 3274 gra-

628 3283 754 3360 simum
793 3283 962 3390 integrum
1001 3284 1099 3360 illum
1143 3281 1285 3372 locum,
1316 3313 1421 3392 quern
1482 3284 1619 3363 tissime
1661 3283 1884 3362 offendebant
1926 3310 1966 3360 ac
2009 3279 2274 3390 provocabant.

626 3395 663 3472 iu
686 3391 1050 3472 Anitttadvetsionibus
1065 3395 1108 3472 ad
1123 3393 1326 3475 Theriacam
1346 3399 1423 3507 jud.
1479 3400 1621 3505 ligimus
1650 3397 1830 3505 hucusque
1866 3395 1910 3473 de
1947 3394 2157 3474 editionibus
2184 3420 2272 3502 quae

628 3535 665 3616 p.
698 3534 774 3610 347
807 3507 936 3614 profert
975 3509 1175 3597 Wulferus‚
1204 3532 1336 3616 nosque
1365 3512 1422 3592 hic
1478 3534 1571 3587 certa
1597 3511 1675 3588 anni
1721 3537 1803 3589 nota
1846 3537 1886 3588 ac
1914 3509 2162 3619 significatione
2192 3531 2273 3584 sunt

628 3621 826 3728 speciminis
863 3621 970 3729 gratia
1010 3648 1055 3698 ex
1091 3619 1244 3700 editione
1282 3649 1422 3717 nostra,
1478 3624 1681 3733 insignitae.
1719 3630 1872 3736 Agamus
1911 3650 2004 3702 nunc
2031 3621 2076 3701 de
2113 3623 2153 3700 iis
2180 3647 2271 3729 quae

626 3734 687 3811 sed
717 3733 838 3842 paullo
866 3733 1041 3812 diversum
1070 3762 1110 3812 ac
1139 3734 1353 3844 pleniorem,
1382 3765 1421 3816 ut
1478 3762 1518 3814 ea
1547 3763 1684 3827 carent,
1711 3739 1769 3816 sed
1791 3765 1880 3848 quae
1902 3735 2071 3841 ejusmodi
2098 3761 2201 3825 sunt,
2231 3761 2272 3816 ut

627 3849 664 3923 in
701 3875 741 3924 ea
787 3847 957 3938 liabetur,
994 3852 1202 3957 repetimus:
1244 3849 1310 3929 niu
1353 3849 1422 3936 lun
1477 3849 1631 3929 dubitari
1660 3877 1807 3961 nequeat
1836 3853 1921 3960 quin
1943 3849 1988 3928 ad
2009 3850 2191 3927 hebraicae
2213 3872 2274 3955 ty·

627 3959 704 4043 min
733 3983 856 4058 penno
883 3983 1007 4058 unm.
1034 3983 1133 4040 nunu
1162 3982 1270 4040 nnn:
1298 3987 1419 4061 pnttrm
1478 3963 1690 4075 pogtaphiae
1734 3966 1921 4075 primordia
1951 3990 1992 4042 ac
2030 3989 2086 4046 xv
2113 3962 2273 4043 seculum

627 4095 771 4154 muttum
791 4097 981 4169 mutinum
997 4099 1094 4160 nntn
1107 4099 1175 4155 natu
1193 4131 1202 4152 .
1220 4075 1330 4156 numi
1345 4103 1420 4174 'mni
1478 4080 1546 4162 sint
1571 4101 1608 4156 et
1635 4078 1729 4187 ipsae
1757 4075 1973 4160 referendae.
