5146 7094
657 740 733 818 130
1076 713 1446 789 An‘rtaues
1503 711 1861 784 area-rra.

651 893 844 1000 discrepat,
874 915 912 968 ut
942 915 1010 966 nou
1043 890 1176 996 possint
1200 890 1269 968 dici
1296 913 1336 966 ea
1366 885 1446 965 folia
1502 887 1653 994 quaein
1683 881 1906 962 eodesunt.
1950 881 2133 984 Quaelibet
2175 883 2299 992 pagina

653 1033 695 1083 ex
729 1007 794 1084 hac
823 1005 973 1082 editione
1003 1005 1176 1081 restituta.
1503 1027 1594 1080 nunc
1623 999 1804 1110 pluribus,
1834 1021 1926 1074 nunc
1955 997 2176 1105 paucioribus
2202 996 2301 1074 lineis

956 1179 1145 1252 XVIII
1503 1113 1661 1206 constat,
1697 1138 1737 1188 ac
1783 1111 1892 1217 prima
1932 1110 2075 1220 quidem
2113 1110 2218 1188 habet
2252 1115 2297 1212 38

944 1299 949 1305 .
1242 1251 1244 1259 ⁴
1503 1252 1640 1336 praeter
1668 1227 1809 1311 titulum
1849 1225 1926 1310 libri
1953 1251 2000 1310 ex
2038 1223 2164 1331 quibus
2205 1251 2303 1302 octo-

637 1391 641 1398 ·
739 1350 895 1450 Quinque
925 1348 1150 1444 Megttuuu,
1178 1369 1236 1420 seu
1257 1367 1350 1416 wera
1375 1345 1447 1416 Vo·
1504 1343 1617 1420 decim
1655 1343 1826 1456 pertinent
1855 1339 1899 1414 ad
1939 1337 2300 1422 rabbinicum'Com-
2355 1397 2382 1444 ,x

609 1537 611 1542 .
648 1466 776 1536 lumina
805 1464 927 1546 Ruth,
950 1465 1188 1546 Ecclesiastt's,
1214 1462 1343 1533 Cantica·
1372 1480 1448 1548 <aa-
1505 1455 1739 1546 mentarium,
1780 1453 1930 1572 reliquae
1970 1450 2013 1528 ad
2049 1477 2187 1537 ¹sacrum
2212 1478 2304 1534 aon·
2400 1483 2405 1491 ¹

649 1583 817 1660 tt'toram,
841 1577 1045 1648 Tbteaorttm
1069 1599 1101 1647 ct
1119 1573 1243 1648 Esther
1258 1595 1333 1644 cum
1351 1575 1449 1644 Corn·
1505 1593 1660 1648 textum.
1689 1565 1826 1644 Elohim
1856 1571 2059 1674 impressum
2087 1591 2139 1644 est
2161 1591 2240 1652 cum
2261 1589 2299 1655 r,

647 1697 809 1763 mentatio
838 1692 885 1761 R.
914 1692 1105 1762 Salomonis
1134 1685 1269 1765 larabi.
1304 1685 1448 1758 Accedit
1501 1706 1537 1758 et
1564 1707 1665 1792 saepe
1686 1683 1721 1758 in
1744 1705 2022 1789 tetragrammato
2051 1679 2191 1758 nornine
2222 1708 2300 1758 rnu-

638 1811 683 1875 r'rt
727 1805 851 1878 Esther
895 1809 1001 1874 ttr'am¹
1043 1805 1307 1878 Commentarius
1349 1798 1447 1872 Aban
1503 1821 1611 1874 tatum
1652 1823 1719 1872 vau
1763 1797 1796 1872 in
1835 1793 1920 1900 jod,
1963 1791 2066 1876 Foliis
2105 1793 2299 1876 absolvitur

642 1919 795 2011 Errat,
814 1923 846 1988 t‘rt
872 1917 939 2008 fol.
978 1923 1049 1989 titre
1077 1941 1163 1988 anno
1203 1935 1235 1984 et
1261 1914 1358 1997 loco,
1388 1911 1448 1983 sed
1506 1937 1583 2011 27,
1610 1936 1761 2016 quorum
1790 1931 1965 2016 postremo
1992 1907 2117 2014 pagina
2139 1931 2228 1984 recta
2250 1906 2296 1986 ad

647 2033 825 2103 Bononiae
866 2034 950 2101 circa
990 2055 1044 2101 att.
1081 2042 1362 2114 mcccclxxxrr
1394 2026 1449 2097 acl
1502 2026 1632 2102 calcem
1673 2023 1917 2100 Commentarii
1962 2023 2062 2098 hbeo
2102 2025 2208 2096 Ezrae
2236 2022 2299 2127 qui

646 2158 963 2218 Mccccaxxafflr.
1503 2138 1536 2213 iu
1564 2137 1686 2214 Esther
1713 2135 1849 2214 additus
1878 2158 1953 2227 est,
1991 2135 2134 2244 legitur:
2164 2132 2301 2216 nubat)

730 2259 814 2354 Quo
844 2254 958 2328 notior
986 2278 1026 2328 ac
1054 2249 1222 2342 celebrior
1251 2273 1329 2356 post
1358 2247 1447 2324 Maf-
1505 2257 1621 2346 (corr.
1649 2249 1787 2346 huus)
1825 2248 1921 2328 barat
1958 2271 2028 2328 rra
2068 2271 2161 2327 mort
2189 2247 2299 2326 rubra

643 2365 704 2446 seii
723 2356 916 2474 tempora*
933 2366 1039 2444 euasit
1069 2361 1291 2442 bononiensis
1319 2367 1446 2454 Penta-
1503 2363 1555 2441 brt
1585 2384 1715 2454 ’tarsun
1742 2361 1803 2442 'aab
1832 2360 1926 2440 nbrm
1967 2369 2122 2439 Finitara
2157 2387 2206 2439 etr
2233 2390 2301 2437 to-

645 2480 794 2558 teuchus
823 2481 903 2559 anni
943 2482 1077 2578 ·1482‚
1122 2505 1165 2556 eo
1205 2476 1383 2553 obscurior
1411 2499 1447 2552 et
1501 2484 1611 2554 lumen
1641 2482 1763 2556 Esther
1782 2483 1878 2578 filiae
1908 2483 2092 2566 Abiclrar‘l,
2119 2482 2195 2552 laus
2218 2482 2296 2552 Deo

548 2638 557 2652 ι
649 2595 801 2701 ignotior
830 2615 881 2670 est
911 2595 1070 2701 princeps
1098 2593 1184 2668 haec
1213 2613 1240 2666 v
1267 2615 1443 2667 sactorum
1499 2601 1561 2690 qui
1589 2601 1734 2702 attingit
1778 2618 1828 2666 ma
1868 2594 2095 2701 firtitudiot.
2134 2593 2299 2674 Nostrum

644 2708 873 2790 voluminum
918 2707 1024 2796 editio
1065 2705 1189 2782 eodem
1229 2702 1440 2792 charactere,
1500 2705 1569 2781 hoc
1597 2704 1772 2812 exemplar
1811 2705 2113 2788 membranaceum
2142 2727 2223 2792 est,
2260 2727 2300 2780 ut

643 2818 745 2906 loco,
773 2845 881 2898 aetate
910 2821 1018 2908 facta,
1047 2843 1125 2927 post
1153 2816 1281 2893 editam
1306 2817 1444 2922 Disqui·
1499 2819 1570 2904 fere
1611 2822 1724 2896 omnia
1756 2818 2002 2908 Pentateuchi,
2032 2817 2194 2923 aliudque
2222 2843 2302 2924 per·

641 2935 802 3010 sirionem
831 2933 875 3010 de
906 2932 1002 3012 hebr.
1031 2931 1280 3042 typographiae
1308 2932 1443 3038 origine
1498 2959 1593 3009 rarae
1637 2931 1739 3036 hujus
1784 2930 1944 3026 editionis
1983 2931 2162 3040 exemplar
2199 2954 2301 3008 extat

642 3047 785 3124 anobis
813 3046 970 3138 detecta,
1001 3073 1036 3125 et
1064 3050 1098 3122 in
1128 3043 1247 3138 libello
1272 3049 1326 3122 De
1343 3046 1441 3152 igno·
1496 3048 1602 3121 etiarn
1632 3051 1762 3122 Romae
1792 3047 1828 3122 in
1858 3045 2071 3124 bibliotheca
2107 3043 2300 3154 Neophito-

641 3161 684 3236 tis
724 3161 968 3267 antiquissimis
1005 3161 1088 3236 sacri
1127 3184 1242 3236 textus
1277 3155 1439 3234 editioni·
1496 3185 1593 3248 rum,
1622 3183 1661 3237 ut
1699 3183 1744 3236 ert
1771 3159 1820 3236 cl.
1860 3159 2007 3269 Fabricy
2046 3159 2167 3266 litteris
2197 3157 2301 3235 intel·

639 3273 705 3350 bus
749 3299 824 3382 cap.
864 3279 881 3350 1
921 3274 1071 3350 breuiter
1109 3270 1302 3378 descripta.
1343 3269 1438 3346 Libri
1494 3272 1585 3348 lexi.
1624 3279 1707 3350 Earn
1738 3298 1842 3379 porro
1870 3272 2043 3352 diversam
2072 3298 2144 3350 esse
2174 3269 2299 3352 editio·

639 3410 777 3463 servant
818 3384 995 3480 diversum
1034 3412 1074 3462 ac
1113 3379 1322 3494 singularem
1357 3410 1437 3461 eum
1493 3411 1597 3475 trem,
1639 3387 1780 3464 seorsim
1823 3386 1950 3462 factam
2002 3413 2021 3464 a
2073 3385 2297 3494 typographo

639 3497 821 3592 ordinem,
848 3527 921 3608 quo
949 3498 1025 3576 illos
1061 3498 1262 3592 referimus,
1292 3522 1438 3604 praepo·
1493 3500 1690 3576 Abrabamo
1719 3500 1786 3578 ben
1816 3496 1978 3590 Chaiim,
2008 3524 2042 3578 et
2072 3498 2217 3607 quidem
2235 3497 2297 3576 ab·

640 3611 710 3688 sito
739 3610 902 3689 videlicet
929 3611 1024 3704 Ruth
1054 3636 1089 3688 et
1118 3612 1319 3689 Ecclesiaste
1347 3615 1439 3686 Can·
1494 3613 1610 3689 soluto
1653 3619 1723 3719 Jam
1765 3640 1806 3691 ac
1844 3612 1987 3722 vulgato
2030 3611 2297 3701 Pentateucho,

517 3821 522 3828 .
638 3725 709 3801 rico
748 3727 970 3802 Canticorum
1007 3747 1043 3802 et
1084 3723 1233 3802 Threnis
1281 3721 1438 3831 illudque
1494 3723 1582 3802 forte
1611 3726 1645 3802 in
1676 3724 1923 3804 nonnullorum
1952 3728 2099 3836 gratiam
2129 3728 2189 3834 qui
2220 3731 2295 3802 Me-

636 3837 740 3946 plane
780 3839 951 3946 singulare
988 3837 1083 3944 quod
1124 3837 1248 3916 Esther
1297 3839 1436 3916 Assueri
1494 3839 1644 3947 ghillbth
1688 3841 1971 3948 postulaverant,
2012 3865 2052 3918 ut
2084 3867 2140 3918 eas
2169 3846 2297 3918 Penta·

635 3952 778 4028 nomine
818 3949 1035 4041 inscribitur,
1065 3974 1103 4027 ut
1140 3953 1174 4028 iu
1203 3949 1321 4028 Bibliis
1349 3955 1436 4031 anti·
1494 3953 1623 4030 teutho
1652 3954 1752 4075 ipsi,¹
1778 3977 1818 4031 ut
1857 3953 2065 4036 Iudaeorum
2108 3981 2183 4030 mos
2222 3975 2297 4042 est,

634 4065 713 4171 quis
741 4065 815 4142 siue
844 4093 937 4142 anno
965 4090 1002 4142 et
1030 4066 1131 4142 loco.
1162 4070 1201 4142 In
1231 4065 1347 4140 medio
1368 4089 1436 4142 stat
1493 4087 1671 4172 tamquam
1700 4071 1773 4172 ejus
1795 4066 2026 4175 appendicem
2044 4069 2294 4177 adjungerent,

634 4205 728 4256 tacet
757 4203 902 4270 textus,
935 4203 1039 4288 supra
1066 4203 1102 4268 et
1135 4179 1224 4255 infra
1252 4184 1436 4256 commen
1492 4182 1607 4256 omnia
1637 4181 1801 4257 suadent.
1842 4188 1940 4259 Nova
1982 4207 2080 4259 extat
2118 4184 2152 4257 in
2182 4181 2224 4256 iis
2252 4183 2296 4258 si-

633 4297 762 4384 tarius,
798 4293 856 4371 ille
895 4293 1093 4382 charactere
1120 4291 1289 4399 quadrato
1318 4291 1436 4384 tudio·
1491 4319 1661 4400 guttura,
1698 4321 1787 4401 quae
1831 4321 1862 4400 a
1902 4295 2138 4378 Pentateucho
2175 4293 2297 4370 omnis

631 4408 661 4483 ri
687 4435 768 4485 cum
800 4409 937 4516 punctis
964 4431 1001 4485 et
1029 4405 1249 4500 accentibus,
1276 4405 1335 4494 hic
1356 4406 1433 4482 rab·
1492 4407 1634 4497 aberat,
1661 4434 1729 4484 neu
1758 4405 1880 4486 eadem
1910 4410 2162 4518 typographica
2192 4409 2296 4516 pagi·

631 4519 748 4618 binico
786 4521 931 4610 minori,
967 4521 1030 4625 qui
1067 4519 1160 4610 idem
1198 4541 1250 4596 est
1289 4545 1434 4626 uterque
1491 4546 1554 4597 nae
1583 4547 1623 4596 ac
1665 4523 1928 4633 compositionis
1970 4547 2021 4600 est
2057 4524 2225 4606 dimensio
2254 4549 2295 4601 ac

632 4658 714 4708 cum
744 4630 938 4709 charactere
967 4631 1212 4724 Pentateuchi‚
1241 4633 1305 4708 nisi
1334 4631 1431 4739 quod
1488 4634 1690 4740 proportio,
1722 4635 1799 4742 typi
1830 4662 1892 4712 usu
1924 4633 2023 4724 valde
2050 4638 2175 4730 attriti,
2203 4643 2297 4720 Peo-

630 4745 675 4821 sit
703 4744 870 4821 detritus.
899 4751 1023 4832 Forma
1051 4745 1194 4852 quidem
1220 4743 1339 4821 eadem
1359 4745 1432 4822 edi·
1488 4747 1652 4834 tateuchi
1670 4749 1856 4857 epigraphe
1885 4749 2037 4832 ostendit
2066 4757 2141 4856 ejus
2170 4751 2297 4834 editio·

629 4857 754 4946 tionis,
794 4856 854 4934 scd
899 4857 1147 4967 pagina,'aeu
1178 4859 1431 4968 typographica
1489 4885 1569 4934 nem
1599 4885 1670 4938 esse
1713 4861 1865 4968 perfecte
1894 4862 2116 4957 absolutam,
2148 4891 2212 4948 uec
2241 4863 2296 4941 ul-

628 4975 703 5074 ejus
733 4971 937 5079 compositio
976 4973 1033 5050 hic
1062 4973 1201 5060 dilatata
1240 4999 1281 5048 ac
1309 4973 1429 5074 latior,
1487 4972 1519 5062 la
1550 4975 1583 5048 in
1612 5001 1652 5062 ea
1680 4975 1899 5062 voluminum
1929 4977 2081 5066 mentio,
2109 5005 2150 5055 ac
2179 4978 2295 5086 plera·

629 5111 672 5162 ac
700 5111 819 5194 margo
849 5087 984 5173 minor,
1012 5079 1182 5162 librorum
1214 5086 1303 5174 tituli
1327 5112 1429 5190 supra
1488 5113 1556 5192 que
1597 5087 1737 5171 tandem
1774 5089 2002 5174 Pentateuchi
2041 5093 2227 5200 exempla,
2253 5119 2296 5170 ac

629 5202 760 5288 notati,
789 5199 823 5274 in
861 5226 957 5276 sacro
1001 5223 1098 5276 textu
1128 5199 1274 5275 initiales
1318 5199 1434 5286 nullae
1487 5199 1558 5284 fere
1588 5205 1724 5289 omnia,
1754 5229 1843 5310 quae
1862 5227 1898 5280 et
1916 5205 2175 5284 membranacea
2193 5229 2294 5294 suut,

628 5319 790 5416 majores,
826 5338 864 5390 ut
894 5320 928 5391 in
959 5314 1216 5401 Pentateucho,
1245 5311 1305 5388 sed
1334 5313 1432 5394 deest
1489 5339 1524 5390 et
1555 5316 1795 5423 integerrima,
1822 5342 1862 5394 et.
1886 5316 2040 5424 optimae
2068 5319 2296 5419 conditionis,

628 5427 686 5505 hic
715 5426 838 5504 lineola
868 5427 997 5536 raphb,
1039 5453 1128 5536 quae
1168 5427 1204 5501 in
1243 5431 1432 5506 Pentateu·
1486 5453 1527 5504 ea
1558 5454 1625 5506 uon
1655 5429 1784 5506 hahent
1813 5431 1970 5509 aduena·
2017 5432 2140 5512 Variae
2169 5434 2299 5512 lectio·

628 5543 696 5620 cho
745 5541 868 5632 adest,
904 5568 1025 5621 coutra
1069 5542 1196 5624 adsunt
1236 5542 1429 5651 signaturae
1487 5567 1546 5621 nes
1568 5569 1640 5622 uec
1669 5544 1823 5636 multae,
1860 5571 1925 5625 nec
1956 5547 2073 5658 magni
2101 5551 2299 5646 momenti,
