5222 7090
674 738 728 808 40
1097 715 1464 788 Atlantas
1520 679 1874 788 naa-Tra.

562 953 564 957 ,
673 945 695 980 „
725 893 783 966 Est
813 885 1042 978 incredibilis,
1086 914 1195 993 quum
1232 890 1298 966 sint
1336 887 1453 964 omnia
1509 915 1598 993 quae
1628 887 1709 964 urbs
1739 886 1794 964 vel
1835 891 1930 965 ricus
1967 885 2033 962 sub
2070 909 2116 962 eo
2159 887 2302 961 nornine

787 1000 937 1078 studiose
968 1025 1083 1105 parata
1115 999 1170 1076 rel
1199 1001 1414 1105 conscripta.
1511 1000 1740 1108 intelligatur.
1779 999 2007 1080 Conferantrrr
2035 1023 2123 1102 quae
2154 998 2226 1076 fuse
2260 997 2303 1074 de

670 1169 695 1206 „
722 1114 905 1314 decepte,
933 1111 1054 1188 fratres
1084 1113 1176 1201 mei,
1213 1113 1274 1200 lilii
1303 1113 1367 1191 Dei
1398 1110 1456 1187 vi·
1511 1138 1554 1190 eo
1583 1113 1669 1189 infra
1696 1112 1936 1190 annotabimus
1958 1110 2001 1185 ad
2024 1111 2299 1188 Pentateuchnm

786 1226 820 1304 ri
851 1251 885 1300 et
915 1225 1091 1320 altissimi,
1512 1227 1592 1306 anni
1631 1253 1733 1326 ¹490
1764 1223 1892 1300 ibidem
1923 1223 2075 1300 editum.
2110 1224 2300 1328 Suincirur

671 1394 694 1434 „
723 1340 777 1416 Ad
808 1339 919 1448 legeqt
939 1344 1013 1443 ejus
1034 1365 1114 1414 cunr
1144 1335 1307 1418 domibus
1338 1337 1457 1414 vestris
1514 1339 1692 1446 epigraphi
1721 1336 1895 1444 sigillum,
1936 1336 1991 1412 vel
2020 1359 2186 1427 stemma,
2231 1363 2301 1442 qno

787 1450 990 1540 aedificant,
1018 1476 1077 1528 seu
1104 1449 1241 1526 familiis
1271 1451 1411 1542 vestris,
1516 1450 1779 1560 typographum
1819 1455 1962 1555 ejusque
1999 1475 2104 1555 opera
2142 1449 2304 1558 dignosci

672 1621 693 1658 ,‚
722 1571 764 1644 Et
794 1565 821 1642 si
843 1562 931 1642 datis
955 1564 1169 1670 pecuniam,
1196 1565 1317 1641 scitote
1335 1566 1462 1650 eriam,
1517 1589 1635 1640 monet
1678 1567 1749 1671 ipsa
1784 1561 1998 1671 epigraphe.
2040 1553 2156 1668 ipsum
2199 1588 2306 1669 porto

785 1675 881 1785 quod
1026 1671 1029 1676 λ
1209 1711 1212 1718 ’
1518 1700 1746 1784 repraesentat
1767 1678 1948 1784 imaginem
1962 1677 2066 1752 erecti
2088 1674 2217 1759 leonis,
2240 1701 2308 1753 nec

672 1849 694 1885 „
723 1790 902 1868 Retribuet
947 1790 1047 1870 robis
1086 1793 1182 1868 Deus
1220 1791 1357 1870 hircum
1396 1816 1460 1896 pto
1519 1789 1655 1866 insola
1685 1813 1807 1866 nostra·
1825 1789 2000 1879 editione,
2029 1786 2087 1864 scd
2117 1811 2149 1864 et
2171 1787 2211 1862 ad
2235 1788 2302 1862 cal-

787 1901 924 1990 haedisa
1516 1927 1591 1978 cem
1620 1905 1697 1984 lore
1723 1901 1812 1980 deba
1841 1901 1920 1976 anni
1959 1903 2083 1999 1487,
2123 1905 2301 1977 Pentateu-

675 2071 699 2108 ‚,
725 2015 900 2094 Robotate
951 2038 1080 2122 quaeso
1128 2041 1249 2092 manus
1292 2013 1459 2124 opificum
1515 2015 1575 2093 chi
1610 2001 1736 2115 t490‚
1764 2041 1798 2092 et
1834 2015 2055 2092 Pentateuchi
2096 2013 2233 2090 alterius
2264 2016 2299 2092 in

783 2128 865 2206 artis
1519 2159 1556 2226 4.
1583 2129 1655 2204 sine
1683 2155 1772 2205 anno
1800 2151 1834 2204 et
1855 2127 1934 2203 loco
1951 2125 2182 2232 conspicitur,
2203 2127 2298 2231 quod

677 2248 826 2341 „Quae
855 2238 1054 2348 redemptos
1082 2241 1186 2318 efficit
1222 2265 1267 2318 ex
1295 2239 1460 2348 captivis,
1518 2241 1645 2318 indicio
1683 2266 1735 2318 est
1774 2266 1893 2318 omnes
1921 2239 1967 2321 ab
2008 2265 2078 2314 uno
2105 2235 2299 2344 eodemque

786 2379 846 2431 seu
877 2352 1015 2431 redimit
1042 2355 1218 2459 captivos,
1517 2354 1740 2462 typographo
1767 2378 1803 2430 et
1833 2356 1866 2429 in
1897 2379 1964 2428 una
1992 2351 2182 2457 eademque
2214 2352 2336 2430 utbe'
2395 2415 2397 2420 .

674 2517 698 2560 „
726 2467 881 2575 Scriptus
909 2491 961 2543 est
999 2491 1137 2555 antem,
1177 2469 1232 2544 vcl
1272 2466 1456 2573 impressus
1515 2467 1702 2573 prodiisse.
1742 2474 1840 2569 Quae
1880 2465 1960 2543 urbs
1989 2491 2097 2571 quum
2129 2464 2170 2541 ad
2202 2467 2300 2542 Lusi·

586 2669 590 2678 .
788 2606 848 2688 per
868 2605 988 2657 manus
1008 2580 1168 2687 sapientis
1190 2585 1277 2659 inter
1293 2579 1455 2666 artifices,
1512 2579 1637 2656 taniam
1667 2605 1779 2668 certe,
1820 2603 1858 2655 ut
1889 2577 2103 2670 videbimus,
2145 2604 2301 2683 spectare

673 2745 696 2787 ,‚
725 2695 790 2784 Cui
821 2694 942 2770 similis
971 2719 1042 2768 nort
1072 2717 1123 2768 est
1153 2694 1187 2769 io
1212 2697 1367 2772 universa
1388 2716 1456 2767 ter·
1511 2691 1691 2781 rideatur,
1729 2692 1856 2770 librum
1896 2717 2052 2769 nostrum
2093 2718 2157 2798 pro
2189 2691 2299 2797 primo

785 2831 883 2882 raet
911 2807 945 2883 in
976 2805 1119 2898 insulis,
1330 2823 1333 2830 ⁴
1440 2869 1442 2876 ,
1511 2804 1670 2882 hebraice
1698 2804 1769 2883 illic
1797 2806 1962 2913 impresso
1992 2804 2189 2880 habendum
2223 2829 2300 2880 esse

670 2973 695 3013 „
723 2921 831 3023 Cujus
857 2945 946 3026 opus
975 2943 1097 2996 notum
1127 2919 1191 2995 erit
1219 2945 1263 2996 ex
1292 2918 1427 3027 sigillo,
1513 2918 1595 2994 olim
1622 2918 1885 3007 constituimus,
1915 2944 1979 2994 nec
2008 2919 2203 3003 immerito,
2234 2916 2299 2992 do·

670 3085 693 3124 ,‚
722 3037 832 3132 Cuius
852 3031 961 3108 lineae
990 3057 1068 3109 ante
1091 3058 1153 3108 nos
1173 3057 1254 3108 sunt
1275 3055 1456 3121 extensae,
1511 3057 1574 3107 nec
1604 3058 1673 3106 nott
1701 3031 1880 3140 detegatur
1921 3058 1959 3108 ac
1990 3033 2200 3136 producatur
2231 3056 2298 3105 an-

671 3197 694 3238 „
732 3144 986 3252 Absolutusque
1031 3171 1121 3221 anno
1170 3167 1292 3220 ccxcv
1341 3169 1456 3221 mense
1512 3144 1660 3250 tiquior.
1703 3149 1742 3220 ln
1782 3169 1881 3222 textu
1923 3169 2046 3251 magna
2082 3145 2116 3220 in
2147 3168 2292 3250 utroque

703 3287 708 3296 ·
783 3257 893 3346 elhll,
1512 3255 1631 3334 ordine
1660 3258 1815 3336 lectionis
1845 3258 2009 3336 uarietas.

670 3426 692 3466 „
719 3374 883 3477 Quinque
912 3369 1064 3446 millibus
1091 3366 1123 3446 ei
1148 3369 1393 3478 superadditis.
1425 3419 1428 3428 =
1850 3431 1957 3503 ΧΗ

578 3549 584 3560 .
670 3536 694 3578 ,,
721 3487 814 3560 Dens
845 3509 927 3560 vero
954 3483 1015 3588 qui
1050 3482 1190 3586 adjuvat
1218 3508 1276 3560 eos
1314 3481 1356 3562 ad
1386 3507 1452 3560 ex·

683 3641 689 3650 ·
786 3593 1005 3672 scribendum
1036 3593 1090 3672 vel
1120 3595 1390 3702 imprimendum
1416 3597 1458 3673 il·
1599 3603 1786 3695 Prophetae
1822 3607 1976 3694 priores,
2014 3603 2141 3673 scilicet
2171 3599 2300 3683 lotae,

783 3708 879 3801 lum,
1515 3717 1675 3800 Indices,
1704 3715 1783 3786 libri
1810 3717 1973 3788 Samuelis
2003 3739 2042 3785 ee
2069 3717 2201 3807 Regum
2224 3735 2299 3782 cnm

671 3827 829 3912 „Ponat
872 3847 934 3898 nos
970 3849 1134 3900 coronam
1179 3822 1305 3931 gratiae
1343 3822 1458 3930 genti·
1516 3831 1755 3903 curamentarr‘o
1785 3826 1927 3900 Kimclri
1951 3828 2018 3921 sol.
2048 3829 2184 3898 Soncim'
2212 3849 2298 3895 anno

648 4015 653 4022 ,
785 3934 873 4026 bna,
900 3934 956 4012 vel
983 3934 1204 4025 Christianis,
1517 3943 1560 4012 ab
1597 3941 1672 4010 orbe
1711 3943 1841 4012 condito
1890 3936 1925 4013 P.
1963 3956 2131 4023 chLVI,
2172 3937 2299 4010 Christi

670 4100 694 4140 „
723 4053 862 4154 Nosque
893 4049 926 4124 io
954 4047 1169 4157 beneplacito
1192 4074 1255 4126 suo
1277 4047 1452 4139 vivificet,
1509 4068 1797 4126 mcccclxxxr.
1971 4059 1976 4068 '

786 4186 823 4237 nt
850 4161 958 4238 simus
1598 4166 1692 4239 Sacri
1721 4161 1909 4240 Bibliorunt
1949 4160 2077 4238 codicis
2118 4160 2205 4237 nihil
2236 4163 2299 4240 hu·

671 4329 693 4364 ‚,
719 4272 847 4352 Dilecti
876 4276 938 4350 Dei
965 4274 1026 4380 qni
1055 4300 1134 4353 sunt
1161 4275 1193 4351 ei
1221 4275 1378 4380 accepti·
1510 4299 1639 4381 cusque
1681 4301 1812 4382 praeter
1850 4273 2050 4352 Psalterium
2095 4300 2135 4350 ac
2171 4279 2299 4352 Penta-

751 4391 804 4463 Ex
833 4387 934 4464 titulo
972 4413 1007 4464 et
1035 4388 1234 4498 epigraphe
1256 4415 1347 4493 quae
1375 4385 1454 4462 edi·
1512 4390 1673 4464 teuchum
1702 4413 1868 4466 excusum
1898 4388 2025 4463 fuerat.
2055 4387 2188 4464 Priores
2208 4415 2295 4496 ergo

670 4499 754 4576 tioni
794 4499 898 4574 finem
936 4501 1112 4606 imponit,
1151 4525 1186 4576 et
1227 4525 1272 4576 ex
1309 4499 1450 4584 duobus
1505 4499 1691 4606 Prophetas
1719 4499 1779 4606 qni
1811 4502 1911 4606 primi
1940 4526 2015 4605 post
2047 4503 2151 4576 Musis
2188 4499 2296 4577 libros

666 4611 862 4717 exemplis,
890 4638 978 4716 quae
1008 4638 1126 4690 nactus
1148 4639 1246 4703 sunt,
1267 4613 1449 4718 solumque
1507 4615 1671 4702 veniunt,
1709 4640 1790 4691 curn
1836 4611 1986 4690 Kimchii
2033 4615 2292 4689 Commentario

670 4721 766 4799 hunc
796 4727 944 4829 primum
972 4725 1127 4801 ordinent
1159 4727 1358 4813 servabant,
1388 4753 1451 4830 pu·
1506 4726 1697 4803 luculenter
1725 4725 1793 4801 hoc
1821 4751 1913 4802 auno
1935 4725 2131 4830 imprimere
2154 4751 2296 4834 aggres-

670 4835 787 4911 tabant
817 4837 900 4911 olim
930 4862 1010 4912 eum
1050 4837 1161 4914 solum
1192 4840 1303 4914 lucem
1344 4838 1451 4913 vidis·
1506 4843 1534 4916 si
1563 4865 1641 4916 suot
1681 4841 1901 4916 Snnciuates.
1945 4837 2198 4914 Bartoloccium
2248 4837 2301 4914 la·

644 4973 732 5026 se.
760 4946 828 5025 Sed
859 4951 974 5054 paucis
991 4949 1118 5026 abhinc
1139 4950 1236 5028 anuis
1264 4949 1452 5027 secuudum
1511 4953 1577 5028 tuit
1606 4951 1763 5058 princeps
1792 4979 1831 5026 ac
1861 4951 2033 5056 praeclara
2056 4950 2141 5025 haec
2162 4949 2298 5038 editio,

670 5061 780 5167 reperi
811 5060 932 5135 eadent
972 5062 1111 5151 charta,
1139 5062 1357 5149 charactere,
1385 5062 1454 5140 for·
1510 5091 1545 5140 at
1575 5090 1643 5139 non
1673 5064 1771 5143 latuit
1802 5064 2030 5147 Scabraeunt,
2059 5063 2119 5168 qni
2143 5065 2301 5138 omnium

669 5199 725 5250 ma
755 5173 895 5249 biennio
939 5201 1016 5280 post
1047 5176 1081 5250 in
1121 5183 1208 5253 lscar
1252 5177 1452 5267 velhem,
1510 5179 1640 5284 pritnus
1667 5203 1742 5252 eam
1783 5203 1949 5252 memorat
1981 5177 2014 5251 in
2055 5174 2161 5252 scine
2189 5179 2300 5275 jesec-

669 5284 725 5364 vel
756 5291 868 5378 Scar,
893 5291 996 5365 Sorae
1025 5313 1216 5380 excusum,
1245 5291 1306 5396 qni
1334 5289 1451 5366 locutu
1510 5289 1580 5364 nirn
1612 5315 1688 5396 pag.
1720 5291 1793 5379 86,
1835 5292 1865 5366 le
1887 5280 2091 5394 'Longinm,
2120 5286 2299 5362 Cheville·

669 5403 737 5504 jam
783 5399 902 5507 pandit
948 5426 1080 5478 nostrae
1122 5401 1307 5494 editionis,
1352 5427 1452 5479 autea
1510 5404 1623 5494 rium,
1654 5403 1899 5492 Maittairinnt‚
1937 5399 2167 5485 Orlnodiutn‚
2204 5399 2302 5474 Wol-

670 5513 865 5604 incertum,
891 5515 1050 5621 quamtis
1078 5541 1147 5592 non
1169 5541 1220 5594 sat
1236 5541 1369 5594 certum
1391 5515 1455 5604 sit,
1510 5515 1594 5593 finm
1635 5541 1739 5620 atque
1775 5543 1794 5591 e
1824 5515 2069 5594 recentioribus
2110 5513 2301 5590 Kennicot·
