<?xml version="1.0" encoding="UTF-8"?>
<!DOCTYPE html PUBLIC "-//W3C//DTD XHTML 1.0 Transitional//EN"
    "http://www.w3.org/TR/xhtml1/DTD/xhtml1-transitional.dtd">
<html xmlns="http://www.w3.org/1999/xhtml" xml:lang="en" lang="en">
 <head>
  <title>
</title>
<meta http-equiv="Content-Type" content="text/html;charset=utf-8" />
  <meta name='ocr-system' content='tesseract 3.04.00' />
  <meta name='ocr-capabilities' content='ocr_page ocr_carea ocr_par ocr_line ocrx_word'/>
</head>
<body>
  <div class='ocr_page' id='page_1' title='image "./annaleshebraeot00rossgoog_0151.png"; bbox 0 0 5146 7094; ppageno 0'>
   <div class='ocr_carea' id='block_1_1' title="bbox 730 662 1902 761">
    <p class='ocr_par' dir='ltr' id='par_1_1' title="bbox 730 662 1902 761">
     <span class='ocr_line' id='line_1_1' title="bbox 730 662 1902 761; baseline 0.003 -29"><span class='ocrx_word' id='word_1_1' title='bbox 730 662 1424 736; x_wconf 79' lang='lat' dir='ltr'><em>PARSSECUNDA</em></span> <span class='ocrx_word' id='word_1_2' title='bbox 1831 683 1902 761; x_wconf 59' lang='grc' dir='ltr'>ιη</span> 
     </span>
    </p>
   </div>
   <div class='ocr_carea' id='block_1_2' title="bbox 259 833 1915 3550">
    <p class='ocr_par' dir='ltr' id='par_1_2' title="bbox 259 833 1915 3550">
     <span class='ocr_line' id='line_1_2' title="bbox 260 833 1905 946; baseline -0.001 -32"><span class='ocrx_word' id='word_1_3' title='bbox 260 835 530 914; x_wconf 86' lang='lat' dir='ltr'>cnletttissintnm</span> <span class='ocrx_word' id='word_1_4' title='bbox 560 835 723 940; x_wconf 81' lang='lat' dir='ltr'>deinceps</span> <span class='ocrx_word' id='word_1_5' title='bbox 750 833 907 913; x_wconf 88' lang='lat' dir='ltr'>obtinui.</span> <span class='ocrx_word' id='word_1_6' title='bbox 954 833 1054 908; x_wconf 89' lang='lat' dir='ltr'>Cha·</span> <span class='ocrx_word' id='word_1_7' title='bbox 1110 859 1197 933; x_wconf 75' lang='lat' dir='ltr'>pnnt)</span> <span class='ocrx_word' id='word_1_8' title='bbox 1227 837 1276 914; x_wconf 91' lang='lat' dir='ltr'>uri</span> <span class='ocrx_word' id='word_1_9' title='bbox 1306 862 1511 944; x_wconf 89' lang='lat' dir='ltr'>potnerunt.</span> <span class='ocrx_word' id='word_1_10' title='bbox 1542 843 1614 916; x_wconf 82' lang='lat' dir='ltr'>Huc</span> <span class='ocrx_word' id='word_1_11' title='bbox 1644 864 1745 944; x_wconf 91' lang='lat' dir='ltr'>porro</span> <span class='ocrx_word' id='word_1_12' title='bbox 1773 838 1905 946; x_wconf 82' lang='lat' dir='ltr'>epigra-</span> 
     </span>
     <span class='ocr_line' id='line_1_3' title="bbox 261 947 1905 1058; baseline 0.001 -32"><span class='ocrx_word' id='word_1_13' title='bbox 261 976 371 1027; x_wconf 88' lang='lat' dir='ltr'>racter</span> <span class='ocrx_word' id='word_1_14' title='bbox 399 975 449 1027; x_wconf 89' lang='lat' dir='ltr'>est</span> <span class='ocrx_word' id='word_1_15' title='bbox 478 947 664 1056; x_wconf 90' lang='lat' dir='ltr'>quadratus</span> <span class='ocrx_word' id='word_1_16' title='bbox 691 949 875 1054; x_wconf 86' lang='lat' dir='ltr'>antiquus,</span> <span class='ocrx_word' id='word_1_17' title='bbox 900 947 1053 1050; x_wconf 82' lang='lat' dir='ltr'>ejusdem</span> <span class='ocrx_word' id='word_1_18' title='bbox 1112 950 1180 1056; x_wconf 90' lang='lat' dir='ltr'>phe</span> <span class='ocrx_word' id='word_1_19' title='bbox 1209 951 1433 1056; x_wconf 81' lang='lat' dir='ltr'>subjectoque</span> <span class='ocrx_word' id='word_1_20' title='bbox 1472 953 1552 1026; x_wconf 89' lang='lat' dir='ltr'>albo</span> <span class='ocrx_word' id='word_1_21' title='bbox 1585 953 1669 1026; x_wconf 82' lang='lat' dir='ltr'>ibiio</span> <span class='ocrx_word' id='word_1_22' title='bbox 1717 978 1805 1058; x_wconf 88' lang='lat' dir='ltr'>opus</span> <span class='ocrx_word' id='word_1_23' title='bbox 1849 954 1905 1028; x_wconf 84' lang='lat' dir='ltr'>vel</span> 
     </span>
     <span class='ocr_line' id='line_1_4' title="bbox 259 1061 1908 1171; baseline 0.001 -33"><span class='ocrx_word' id='word_1_24' title='bbox 259 1063 389 1139; x_wconf 86' lang='lat' dir='ltr'>formae</span> <span class='ocrx_word' id='word_1_25' title='bbox 426 1091 507 1140; x_wconf 87' lang='lat' dir='ltr'>eum</span> <span class='ocrx_word' id='word_1_26' title='bbox 535 1062 729 1139; x_wconf 77' lang='lat' dir='ltr'>charactere</span> <span class='ocrx_word' id='word_1_27' title='bbox 764 1061 924 1138; x_wconf 90' lang='lat' dir='ltr'>binorum</span> <span class='ocrx_word' id='word_1_28' title='bbox 954 1086 1056 1168; x_wconf 90' lang='lat' dir='ltr'>prae·</span> <span class='ocrx_word' id='word_1_29' title='bbox 1112 1063 1219 1141; x_wconf 89' lang='lat' dir='ltr'>editio</span> <span class='ocrx_word' id='word_1_30' title='bbox 1247 1063 1281 1138; x_wconf 96' lang='lat' dir='ltr'>in</span> <span class='ocrx_word' id='word_1_31' title='bbox 1312 1063 1390 1142; x_wconf 88' lang='lat' dir='ltr'>bina</span> <span class='ocrx_word' id='word_1_32' title='bbox 1422 1063 1527 1142; x_wconf 87' lang='lat' dir='ltr'>veluti</span> <span class='ocrx_word' id='word_1_33' title='bbox 1549 1063 1724 1140; x_wconf 87' lang='lat' dir='ltr'>volumina</span> <span class='ocrx_word' id='word_1_34' title='bbox 1754 1065 1806 1138; x_wconf 86' lang='lat' dir='ltr'>vel</span> <span class='ocrx_word' id='word_1_35' title='bbox 1831 1092 1908 1171; x_wconf 75' lang='lat' dir='ltr'>par-</span> 
     </span>
     <span class='ocr_line' id='line_1_5' title="bbox 260 1175 1908 1282; baseline 0.001 -30"><span class='ocrx_word' id='word_1_36' title='bbox 260 1175 456 1252; x_wconf 87' lang='lat' dir='ltr'>cedetttium</span> <span class='ocrx_word' id='word_1_37' title='bbox 485 1177 678 1266; x_wconf 89' lang='lat' dir='ltr'>librorum,</span> <span class='ocrx_word' id='word_1_38' title='bbox 717 1175 778 1254; x_wconf 84' lang='lat' dir='ltr'>sed</span> <span class='ocrx_word' id='word_1_39' title='bbox 819 1180 944 1278; x_wconf 87' lang='lat' dir='ltr'>major.</span> <span class='ocrx_word' id='word_1_40' title='bbox 989 1175 1058 1250; x_wconf 88' lang='lat' dir='ltr'>lni-</span> <span class='ocrx_word' id='word_1_41' title='bbox 1113 1201 1164 1255; x_wconf 88' lang='lat' dir='ltr'>tes</span> <span class='ocrx_word' id='word_1_42' title='bbox 1192 1175 1386 1266; x_wconf 84' lang='lat' dir='ltr'>dividitur,</span> <span class='ocrx_word' id='word_1_43' title='bbox 1411 1205 1557 1282; x_wconf 89' lang='lat' dir='ltr'>quatum</span> <span class='ocrx_word' id='word_1_44' title='bbox 1587 1179 1691 1256; x_wconf 87' lang='lat' dir='ltr'>altera</span> <span class='ocrx_word' id='word_1_45' title='bbox 1712 1175 1802 1254; x_wconf 89' lang='lat' dir='ltr'>foliis</span> <span class='ocrx_word' id='word_1_46' title='bbox 1821 1206 1908 1254; x_wconf 87' lang='lat' dir='ltr'>con-</span> 
     </span>
     <span class='ocr_line' id='line_1_6' title="bbox 263 1288 1907 1398; baseline 0.002 -33"><span class='ocrx_word' id='word_1_47' title='bbox 263 1288 354 1366; x_wconf 87' lang='lat' dir='ltr'>tialia</span> <span class='ocrx_word' id='word_1_48' title='bbox 381 1289 473 1365; x_wconf 87' lang='lat' dir='ltr'>tituli</span> <span class='ocrx_word' id='word_1_49' title='bbox 502 1317 542 1366; x_wconf 86' lang='lat' dir='ltr'>ac</span> <span class='ocrx_word' id='word_1_50' title='bbox 580 1293 744 1396; x_wconf 82' lang='lat' dir='ltr'>cujusque</span> <span class='ocrx_word' id='word_1_51' title='bbox 772 1289 875 1380; x_wconf 89' lang='lat' dir='ltr'>libri,</span> <span class='ocrx_word' id='word_1_52' title='bbox 913 1289 1054 1394; x_wconf 89' lang='lat' dir='ltr'>capitis,</span> <span class='ocrx_word' id='word_1_53' title='bbox 1111 1313 1176 1368; x_wconf 90' lang='lat' dir='ltr'>stat</span> <span class='ocrx_word' id='word_1_54' title='bbox 1220 1290 1390 1398; x_wconf 79' lang='lat' dir='ltr'>impressis</span> <span class='ocrx_word' id='word_1_55' title='bbox 1421 1316 1516 1378; x_wconf 84' lang='lat'>120,</span> <span class='ocrx_word' id='word_1_56' title='bbox 1549 1291 1653 1366; x_wconf 81' lang='lat' dir='ltr'>altera</span> <span class='ocrx_word' id='word_1_57' title='bbox 1690 1316 1789 1378; x_wconf 86' lang='lat'>121,</span> <span class='ocrx_word' id='word_1_58' title='bbox 1820 1317 1907 1398; x_wconf 89' lang='lat' dir='ltr'>qnae</span> 
     </span>
     <span class='ocr_line' id='line_1_7' title="bbox 260 1399 1910 1503; baseline 0.001 -25"><span class='ocrx_word' id='word_1_59' title='bbox 260 1402 420 1480; x_wconf 73' lang='lat' dir='ltr'>sectionis</span> <span class='ocrx_word' id='word_1_60' title='bbox 450 1403 617 1480; x_wconf 87' lang='lat' dir='ltr'>voeabula</span> <span class='ocrx_word' id='word_1_61' title='bbox 648 1403 833 1503; x_wconf 87' lang='lat' dir='ltr'>majoribus</span> <span class='ocrx_word' id='word_1_62' title='bbox 855 1399 974 1480; x_wconf 90' lang='lat' dir='ltr'>litteris</span> <span class='ocrx_word' id='word_1_63' title='bbox 995 1427 1057 1478; x_wconf 87' lang='lat' dir='ltr'>ert-</span> <span class='ocrx_word' id='word_1_64' title='bbox 1110 1431 1279 1482; x_wconf 87' lang='lat' dir='ltr'>summam</span> <span class='ocrx_word' id='word_1_65' title='bbox 1310 1403 1495 1480; x_wconf 86' lang='lat' dir='ltr'>conficiunt</span> <span class='ocrx_word' id='word_1_66' title='bbox 1523 1403 1687 1480; x_wconf 86' lang='lat' dir='ltr'>foliorum</span> <span class='ocrx_word' id='word_1_67' title='bbox 1719 1429 1820 1500; x_wconf 75' lang='lat'>241,</span> <span class='ocrx_word' id='word_1_68' title='bbox 1845 1433 1910 1483; x_wconf 90' lang='lat' dir='ltr'>nu·</span> 
     </span>
     <span class='ocr_line' id='line_1_8' title="bbox 261 1515 1910 1623; baseline 0.002 -32"><span class='ocrx_word' id='word_1_69' title='bbox 261 1517 443 1594; x_wconf 84' lang='lat' dir='ltr'>bibentur.</span> <span class='ocrx_word' id='word_1_70' title='bbox 485 1517 595 1592; x_wconf 87' lang='lat' dir='ltr'>lidern</span> <span class='ocrx_word' id='word_1_71' title='bbox 635 1543 751 1592; x_wconf 86' lang='lat' dir='ltr'>antem</span> <span class='ocrx_word' id='word_1_72' title='bbox 792 1539 872 1594; x_wconf 90' lang='lat' dir='ltr'>sunt</span> <span class='ocrx_word' id='word_1_73' title='bbox 911 1517 1054 1592; x_wconf 87' lang='lat' dir='ltr'>omnino</span> <span class='ocrx_word' id='word_1_74' title='bbox 1113 1519 1315 1623; x_wconf 85' lang='lat' dir='ltr'>meratisque</span> <span class='ocrx_word' id='word_1_75' title='bbox 1344 1515 1430 1600; x_wconf 84' lang='lat' dir='ltr'>albis</span> <span class='ocrx_word' id='word_1_76' title='bbox 1462 1543 1567 1613; x_wconf 82' lang='lat'>244·</span> <span class='ocrx_word' id='word_1_77' title='bbox 1596 1517 1649 1592; x_wconf 82' lang='lat' dir='ltr'>Ad</span> <span class='ocrx_word' id='word_1_78' title='bbox 1677 1517 1807 1593; x_wconf 82' lang='lat' dir='ltr'>calcem</span> <span class='ocrx_word' id='word_1_79' title='bbox 1828 1519 1910 1594; x_wconf 89' lang='lat' dir='ltr'>snb·</span> 
     </span>
     <span class='ocr_line' id='line_1_9' title="bbox 262 1628 1908 1738; baseline 0 -32"><span class='ocrx_word' id='word_1_80' title='bbox 262 1631 398 1736; x_wconf 87' lang='lat' dir='ltr'>utrique</span> <span class='ocrx_word' id='word_1_81' title='bbox 442 1631 550 1738; x_wconf 91' lang='lat' dir='ltr'>typi,</span> <span class='ocrx_word' id='word_1_82' title='bbox 607 1634 750 1732; x_wconf 86' lang='lat' dir='ltr'>majores</span> <span class='ocrx_word' id='word_1_83' title='bbox 788 1655 828 1708; x_wconf 88' lang='lat' dir='ltr'>ac</span> <span class='ocrx_word' id='word_1_84' title='bbox 884 1631 1054 1716; x_wconf 84' lang='lat' dir='ltr'>minores,</span> <span class='ocrx_word' id='word_1_85' title='bbox 1109 1633 1224 1736; x_wconf 82' lang='lat' dir='ltr'>jicitur</span> <span class='ocrx_word' id='word_1_86' title='bbox 1260 1629 1506 1708; x_wconf 89' lang='lat' dir='ltr'>Nachmanidis</span> <span class='ocrx_word' id='word_1_87' title='bbox 1545 1655 1624 1706; x_wconf 88' lang='lat' dir='ltr'>nota</span> <span class='ocrx_word' id='word_1_88' title='bbox 1667 1628 1711 1706; x_wconf 88' lang='lat' dir='ltr'>de</span> <span class='ocrx_word' id='word_1_89' title='bbox 1750 1657 1814 1706; x_wconf 92' lang='lat' dir='ltr'>sno</span> <span class='ocrx_word' id='word_1_90' title='bbox 1843 1631 1908 1706; x_wconf 91' lang='lat' dir='ltr'>ad-</span> 
     </span>
     <span class='ocr_line' id='line_1_10' title="bbox 261 1743 1909 1851; baseline -0.001 -31"><span class='ocrx_word' id='word_1_91' title='bbox 261 1771 341 1820; x_wconf 89' lang='lat' dir='ltr'>cum</span> <span class='ocrx_word' id='word_1_92' title='bbox 371 1743 440 1832; x_wconf 85' lang='lat' dir='ltr'>iis,</span> <span class='ocrx_word' id='word_1_93' title='bbox 465 1743 592 1851; x_wconf 88' lang='lat' dir='ltr'>quibus</span> <span class='ocrx_word' id='word_1_94' title='bbox 621 1767 776 1821; x_wconf 81' lang='lat' dir='ltr'>exaratae</span> <span class='ocrx_word' id='word_1_95' title='bbox 806 1768 884 1820; x_wconf 89' lang='lat' dir='ltr'>sunt</span> <span class='ocrx_word' id='word_1_96' title='bbox 913 1767 1057 1847; x_wconf 89' lang='lat' dir='ltr'>sequen·</span> <span class='ocrx_word' id='word_1_97' title='bbox 1115 1769 1219 1824; x_wconf 88' lang='lat' dir='ltr'>ventu</span> <span class='ocrx_word' id='word_1_98' title='bbox 1250 1743 1294 1820; x_wconf 88' lang='lat' dir='ltr'>ad</span> <span class='ocrx_word' id='word_1_99' title='bbox 1325 1743 1444 1822; x_wconf 90' lang='lat' dir='ltr'>urbem</span> <span class='ocrx_word' id='word_1_100' title='bbox 1475 1749 1550 1818; x_wconf 81' lang='lat' dir='ltr'>aco</span> <span class='ocrx_word' id='word_1_101' title='bbox 1587 1769 1621 1820; x_wconf 92' lang='lat' dir='ltr'>et</span> <span class='ocrx_word' id='word_1_102' title='bbox 1650 1767 1811 1850; x_wconf 83' lang='lat' dir='ltr'>argenteo</span> <span class='ocrx_word' id='word_1_103' title='bbox 1840 1771 1909 1820; x_wconf 90' lang='lat' dir='ltr'>nn-</span> 
     </span>
     <span class='ocr_line' id='line_1_11' title="bbox 263 1854 1908 1964; baseline -0.001 -31"><span class='ocrx_word' id='word_1_104' title='bbox 263 1881 313 1934; x_wconf 85' lang='lat' dir='ltr'>tes</span> <span class='ocrx_word' id='word_1_105' title='bbox 342 1855 510 1934; x_wconf 82' lang='lat' dir='ltr'>editiones</span> <span class='ocrx_word' id='word_1_106' title='bbox 539 1859 674 1946; x_wconf 83' lang='lat' dir='ltr'>Artich,</span> <span class='ocrx_word' id='word_1_107' title='bbox 698 1859 847 1946; x_wconf 80' lang='lat' dir='ltr'>Kimchii</span> <span class='ocrx_word' id='word_1_108' title='bbox 867 1854 1056 1950; x_wconf 84' lang='lat' dir='ltr'>Radicnm,</span> <span class='ocrx_word' id='word_1_109' title='bbox 1113 1885 1171 1936; x_wconf 91' lang='lat' dir='ltr'>mo</span> <span class='ocrx_word' id='word_1_110' title='bbox 1199 1887 1259 1936; x_wconf 87' lang='lat' dir='ltr'>seu</span> <span class='ocrx_word' id='word_1_111' title='bbox 1287 1861 1371 1948; x_wconf 79' lang='lat' dir='ltr'>sicin</span> <span class='ocrx_word' id='word_1_112' title='bbox 1399 1856 1469 1934; x_wconf 88' lang='lat' dir='ltr'>illic</span> <span class='ocrx_word' id='word_1_113' title='bbox 1497 1881 1655 1964; x_wconf 85' lang='lat' dir='ltr'>reperto,</span> <span class='ocrx_word' id='word_1_114' title='bbox 1685 1860 1825 1962; x_wconf 85' lang='lat' dir='ltr'>ejusque</span> <span class='ocrx_word' id='word_1_115' title='bbox 1856 1854 1908 1932; x_wconf 83' lang='lat' dir='ltr'>fu-</span> 
     </span>
     <span class='ocr_line' id='line_1_12' title="bbox 262 1967 1906 2076; baseline 0.001 -30"><span class='ocrx_word' id='word_1_116' title='bbox 262 1971 505 2047; x_wconf 89' lang='lat' dir='ltr'>Commentarii</span> <span class='ocrx_word' id='word_1_117' title='bbox 547 1971 667 2058; x_wconf 82' lang='lat' dir='ltr'>Rasei,</span> <span class='ocrx_word' id='word_1_118' title='bbox 697 1971 836 2050; x_wconf 83' lang='lat' dir='ltr'>Arisbas</span> <span class='ocrx_word' id='word_1_119' title='bbox 876 1971 1058 2070; x_wconf 87' lang='lat' dir='ltr'>Quaestio·</span> <span class='ocrx_word' id='word_1_120' title='bbox 1113 1999 1148 2055; x_wconf 86' lang='lat' dir='ltr'>sa</span> <span class='ocrx_word' id='word_1_121' title='bbox 1186 1969 1230 2052; x_wconf 86' lang='lat' dir='ltr'>ad</span> <span class='ocrx_word' id='word_1_122' title='bbox 1273 1975 1388 2050; x_wconf 90' lang='lat' dir='ltr'>Deum</span> <span class='ocrx_word' id='word_1_123' title='bbox 1427 1973 1535 2050; x_wconf 88' lang='lat' dir='ltr'>oratio</span> <span class='ocrx_word' id='word_1_124' title='bbox 1576 1995 1677 2075; x_wconf 87' lang='lat' dir='ltr'>snper</span> <span class='ocrx_word' id='word_1_125' title='bbox 1718 1967 1837 2076; x_wconf 86' lang='lat' dir='ltr'>tempii</span> <span class='ocrx_word' id='word_1_126' title='bbox 1866 1995 1906 2047; x_wconf 91' lang='lat' dir='ltr'>ac</span> 
     </span>
     <span class='ocr_line' id='line_1_13' title="bbox 265 2073 1907 2164; baseline -0.001 -6"><span class='ocrx_word' id='word_1_127' title='bbox 265 2111 349 2160; x_wconf 90' lang='lat' dir='ltr'>num</span> <span class='ocrx_word' id='word_1_128' title='bbox 379 2107 413 2158; x_wconf 89' lang='lat' dir='ltr'>et</span> <span class='ocrx_word' id='word_1_129' title='bbox 441 2083 643 2160; x_wconf 84' lang='lat' dir='ltr'>Gersonidis</span> <span class='ocrx_word' id='word_1_130' title='bbox 667 2085 911 2162; x_wconf 89' lang='lat' dir='ltr'>Commentarii</span> <span class='ocrx_word' id='word_1_131' title='bbox 933 2087 966 2162; x_wconf 94' lang='lat' dir='ltr'>in</span> <span class='ocrx_word' id='word_1_132' title='bbox 989 2089 1058 2159; x_wconf 90' lang='lat' dir='ltr'>Da·</span> <span class='ocrx_word' id='word_1_133' title='bbox 1114 2111 1250 2164; x_wconf 90' lang='lat' dir='ltr'>sanctae</span> <span class='ocrx_word' id='word_1_134' title='bbox 1291 2087 1383 2162; x_wconf 91' lang='lat' dir='ltr'>urbis</span> <span class='ocrx_word' id='word_1_135' title='bbox 1421 2083 1560 2162; x_wconf 81' lang='lat' dir='ltr'>excidio</span> <span class='ocrx_word' id='word_1_136' title='bbox 1590 2073 1640 2158; x_wconf 74' lang='lat' dir='ltr'>&#39;ab</span> <span class='ocrx_word' id='word_1_137' title='bbox 1677 2109 1817 2160; x_wconf 89' lang='lat' dir='ltr'>auctore</span> <span class='ocrx_word' id='word_1_138' title='bbox 1847 2081 1907 2158; x_wconf 86' lang='lat' dir='ltr'>fa-</span> 
     </span>
     <span class='ocr_line' id='line_1_14' title="bbox 263 2196 1913 2306; baseline -0.001 -34"><span class='ocrx_word' id='word_1_139' title='bbox 263 2196 420 2272; x_wconf 86' lang='lat' dir='ltr'>nielem.</span> <span class='ocrx_word' id='word_1_140' title='bbox 469 2199 592 2305; x_wconf 84' lang='lat' dir='ltr'>Pagina</span> <span class='ocrx_word' id='word_1_141' title='bbox 636 2198 791 2306; x_wconf 87' lang='lat' dir='ltr'>integra,</span> <span class='ocrx_word' id='word_1_142' title='bbox 830 2197 938 2274; x_wconf 82' lang='lat' dir='ltr'>tineae</span> <span class='ocrx_word' id='word_1_143' title='bbox 984 2225 1057 2294; x_wconf 73' lang='lat'>45,</span> <span class='ocrx_word' id='word_1_144' title='bbox 1114 2225 1190 2288; x_wconf 89' lang='lat' dir='ltr'>cta,</span> <span class='ocrx_word' id='word_1_145' title='bbox 1230 2226 1339 2304; x_wconf 89' lang='lat' dir='ltr'>quum</span> <span class='ocrx_word' id='word_1_146' title='bbox 1375 2197 1419 2274; x_wconf 88' lang='lat' dir='ltr'>ad</span> <span class='ocrx_word' id='word_1_147' title='bbox 1455 2196 1599 2274; x_wconf 87' lang='lat' dir='ltr'>eandem</span> <span class='ocrx_word' id='word_1_148' title='bbox 1643 2197 1762 2272; x_wconf 88' lang='lat' dir='ltr'>urbem</span> <span class='ocrx_word' id='word_1_149' title='bbox 1794 2200 1913 2282; x_wconf 78' lang='lat' dir='ltr'>venit,</span> 
     </span>
     <span class='ocr_line' id='line_1_15' title="bbox 266 2308 1910 2422; baseline 0.001 -38"><span class='ocrx_word' id='word_1_150' title='bbox 266 2337 384 2417; x_wconf 87' lang='lat' dir='ltr'>margo</span> <span class='ocrx_word' id='word_1_151' title='bbox 415 2312 663 2418; x_wconf 87' lang='lat' dir='ltr'>amplissimus,</span> <span class='ocrx_word' id='word_1_152' title='bbox 700 2309 759 2386; x_wconf 82' lang='lat' dir='ltr'>sed</span> <span class='ocrx_word' id='word_1_153' title='bbox 799 2311 906 2397; x_wconf 92' lang='lat' dir='ltr'>tituli,</span> <span class='ocrx_word' id='word_1_154' title='bbox 935 2337 1058 2388; x_wconf 92' lang='lat' dir='ltr'>nnme-</span> <span class='ocrx_word' id='word_1_155' title='bbox 1114 2337 1203 2422; x_wconf 86' lang='lat' dir='ltr'>quae</span> <span class='ocrx_word' id='word_1_156' title='bbox 1232 2337 1328 2389; x_wconf 85' lang='lat' dir='ltr'>extat</span> <span class='ocrx_word' id='word_1_157' title='bbox 1365 2337 1503 2418; x_wconf 84' lang='lat' dir='ltr'>quoque</span> <span class='ocrx_word' id='word_1_158' title='bbox 1536 2311 1569 2386; x_wconf 88' lang='lat' dir='ltr'>in</span> <span class='ocrx_word' id='word_1_159' title='bbox 1599 2308 1749 2386; x_wconf 82' lang='lat' dir='ltr'>editione</span> <span class='ocrx_word' id='word_1_160' title='bbox 1779 2310 1910 2416; x_wconf 89' lang='lat' dir='ltr'>Ulyssi·</span> 
     </span>
     <span class='ocr_line' id='line_1_16' title="bbox 267 2422 1909 2534; baseline 0.001 -36"><span class='ocrx_word' id='word_1_161' title='bbox 267 2425 322 2510; x_wconf 92' lang='lat' dir='ltr'>ri,</span> <span class='ocrx_word' id='word_1_162' title='bbox 360 2426 574 2530; x_wconf 89' lang='lat' dir='ltr'>signaturae,</span> <span class='ocrx_word' id='word_1_163' title='bbox 602 2422 760 2500; x_wconf 85' lang='lat' dir='ltr'>custodes</span> <span class='ocrx_word' id='word_1_164' title='bbox 789 2422 930 2509; x_wconf 89' lang='lat' dir='ltr'>desunt,</span> <span class='ocrx_word' id='word_1_165' title='bbox 959 2425 1062 2500; x_wconf 88' lang='lat' dir='ltr'>etiam</span> <span class='ocrx_word' id='word_1_166' title='bbox 1120 2428 1282 2534; x_wconf 89' lang='lat' dir='ltr'>portensi.</span> <span class='ocrx_word' id='word_1_167' title='bbox 1328 2427 1495 2525; x_wconf 87' lang='lat' dir='ltr'>Quisnam</span> <span class='ocrx_word' id='word_1_168' title='bbox 1535 2422 1579 2500; x_wconf 90' lang='lat' dir='ltr'>sit</span> <span class='ocrx_word' id='word_1_169' title='bbox 1631 2448 1764 2500; x_wconf 87' lang='lat' dir='ltr'>nostrae</span> <span class='ocrx_word' id='word_1_170' title='bbox 1805 2423 1909 2526; x_wconf 89' lang='lat' dir='ltr'>hujus</span> 
     </span>
     <span class='ocr_line' id='line_1_17' title="bbox 269 2536 1910 2644; baseline 0.002 -34"><span class='ocrx_word' id='word_1_171' title='bbox 269 2536 462 2626; x_wconf 84' lang='lat' dir='ltr'>linearum,</span> <span class='ocrx_word' id='word_1_172' title='bbox 495 2565 554 2614; x_wconf 89' lang='lat' dir='ltr'>seu</span> <span class='ocrx_word' id='word_1_173' title='bbox 595 2539 725 2614; x_wconf 89' lang='lat' dir='ltr'>litterae</span> <span class='ocrx_word' id='word_1_174' title='bbox 752 2561 841 2641; x_wconf 90' lang='lat' dir='ltr'>qnae</span> <span class='ocrx_word' id='word_1_175' title='bbox 873 2561 978 2612; x_wconf 87' lang='lat' dir='ltr'>vacua</span> <span class='ocrx_word' id='word_1_176' title='bbox 1007 2564 1063 2614; x_wconf 86' lang='lat' dir='ltr'>re·</span> <span class='ocrx_word' id='word_1_177' title='bbox 1119 2563 1375 2644; x_wconf 87' lang='lat' dir='ltr'>ceterarumque</span> <span class='ocrx_word' id='word_1_178' title='bbox 1428 2537 1668 2643; x_wconf 76' lang='lat' dir='ltr'>quadratorum</span> <span class='ocrx_word' id='word_1_179' title='bbox 1714 2537 1910 2614; x_wconf 89' lang='lat' dir='ltr'>editionum</span> 
     </span>
     <span class='ocr_line' id='line_1_18' title="bbox 266 2648 1911 2756; baseline 0 -32"><span class='ocrx_word' id='word_1_180' title='bbox 266 2650 385 2756; x_wconf 83' lang='lat' dir='ltr'>pient.</span> <span class='ocrx_word' id='word_1_181' title='bbox 414 2652 551 2726; x_wconf 87' lang='lat' dir='ltr'>Punctis</span> <span class='ocrx_word' id='word_1_182' title='bbox 574 2651 767 2726; x_wconf 89' lang='lat' dir='ltr'>indicantur</span> <span class='ocrx_word' id='word_1_183' title='bbox 788 2648 1063 2743; x_wconf 70' lang='lat' dir='ltr'>abbreviatttrae,</span> <span class='ocrx_word' id='word_1_184' title='bbox 1120 2655 1236 2746; x_wconf 89' lang='lat' dir='ltr'>locus,</span> <span class='ocrx_word' id='word_1_185' title='bbox 1266 2651 1526 2730; x_wconf 84' lang='lat' dir='ltr'>incertissimum</span> <span class='ocrx_word' id='word_1_186' title='bbox 1557 2672 1635 2724; x_wconf 84' lang='lat' dir='ltr'>est.</span> <span class='ocrx_word' id='word_1_187' title='bbox 1679 2649 1768 2726; x_wconf 83' lang='lat' dir='ltr'>Illud</span> <span class='ocrx_word' id='word_1_188' title='bbox 1802 2677 1911 2726; x_wconf 89' lang='lat' dir='ltr'>unum</span> 
     </span>
     <span class='ocr_line' id='line_1_19' title="bbox 266 2759 1912 2874; baseline -0.001 -36"><span class='ocrx_word' id='word_1_189' title='bbox 266 2761 326 2838; x_wconf 89' lang='lat' dir='ltr'>sed</span> <span class='ocrx_word' id='word_1_190' title='bbox 357 2763 472 2840; x_wconf 89' lang='lat' dir='ltr'>nullus</span> <span class='ocrx_word' id='word_1_191' title='bbox 500 2790 551 2842; x_wconf 89' lang='lat' dir='ltr'>est</span> <span class='ocrx_word' id='word_1_192' title='bbox 594 2789 716 2839; x_wconf 89' lang='lat' dir='ltr'>eorum</span> <span class='ocrx_word' id='word_1_193' title='bbox 747 2790 827 2842; x_wconf 88' lang='lat' dir='ltr'>usus</span> <span class='ocrx_word' id='word_1_194' title='bbox 866 2764 932 2840; x_wconf 89' lang='lat' dir='ltr'>snb</span> <span class='ocrx_word' id='word_1_195' title='bbox 959 2763 1062 2838; x_wconf 87' lang='lat' dir='ltr'>finem</span> <span class='ocrx_word' id='word_1_196' title='bbox 1120 2767 1190 2844; x_wconf 87' lang='lat' dir='ltr'>fere</span> <span class='ocrx_word' id='word_1_197' title='bbox 1220 2793 1282 2874; x_wconf 91' lang='lat' dir='ltr'>pro</span> <span class='ocrx_word' id='word_1_198' title='bbox 1311 2787 1406 2842; x_wconf 89' lang='lat' dir='ltr'>certo</span> <span class='ocrx_word' id='word_1_199' title='bbox 1447 2759 1634 2840; x_wconf 89' lang='lat' dir='ltr'>tenendum</span> <span class='ocrx_word' id='word_1_200' title='bbox 1662 2785 1713 2838; x_wconf 86' lang='lat' dir='ltr'>est</span> <span class='ocrx_word' id='word_1_201' title='bbox 1742 2789 1797 2838; x_wconf 90' lang='lat' dir='ltr'>eas</span> <span class='ocrx_word' id='word_1_202' title='bbox 1826 2790 1912 2837; x_wconf 91' lang='lat' dir='ltr'>ortt-</span> 
     </span>
     <span class='ocr_line' id='line_1_20' title="bbox 269 2874 1915 2982; baseline 0.001 -32"><span class='ocrx_word' id='word_1_203' title='bbox 269 2875 511 2982; x_wconf 88' lang='lat' dir='ltr'>periodorum.</span> <span class='ocrx_word' id='word_1_204' title='bbox 557 2881 686 2954; x_wconf 90' lang='lat' dir='ltr'>Unicus</span> <span class='ocrx_word' id='word_1_205' title='bbox 731 2901 915 2954; x_wconf 89' lang='lat' dir='ltr'>consuetus</span> <span class='ocrx_word' id='word_1_206' title='bbox 956 2899 1063 2954; x_wconf 82' lang='lat' dir='ltr'>nexus</span> <span class='ocrx_word' id='word_1_207' title='bbox 1120 2881 1251 2958; x_wconf 89' lang='lat' dir='ltr'>nesab</span> <span class='ocrx_word' id='word_1_208' title='bbox 1279 2878 1397 2956; x_wconf 87' lang='lat' dir='ltr'>iisdem</span> <span class='ocrx_word' id='word_1_209' title='bbox 1440 2877 1549 2952; x_wconf 88' lang='lat' dir='ltr'>tribus</span> <span class='ocrx_word' id='word_1_210' title='bbox 1578 2875 1805 2982; x_wconf 80' lang='lat' dir='ltr'>typographis</span> <span class='ocrx_word' id='word_1_211' title='bbox 1833 2874 1915 2952; x_wconf 85' lang='lat' dir='ltr'>fnis-</span> 
     </span>
     <span class='ocr_line' id='line_1_21' title="bbox 266 2987 1915 3097; baseline 0 -33"><span class='ocrx_word' id='word_1_212' title='bbox 266 2989 369 3097; x_wconf 87' lang='lat' dir='ltr'>alcph</span> <span class='ocrx_word' id='word_1_213' title='bbox 398 3015 433 3066; x_wconf 88' lang='lat' dir='ltr'>et</span> <span class='ocrx_word' id='word_1_214' title='bbox 463 2991 596 3084; x_wconf 88' lang='lat' dir='ltr'>iamed,</span> <span class='ocrx_word' id='word_1_215' title='bbox 624 2989 792 3067; x_wconf 85' lang='lat' dir='ltr'>ineffabile</span> <span class='ocrx_word' id='word_1_216' title='bbox 823 3018 907 3066; x_wconf 91' lang='lat' dir='ltr'>vero</span> <span class='ocrx_word' id='word_1_217' title='bbox 936 3017 1061 3066; x_wconf 90' lang='lat' dir='ltr'>nornen</span> <span class='ocrx_word' id='word_1_218' title='bbox 1120 3019 1156 3070; x_wconf 89' lang='lat' dir='ltr'>se</span> <span class='ocrx_word' id='word_1_219' title='bbox 1184 3018 1338 3080; x_wconf 86' lang='lat' dir='ltr'>curatas,</span> <span class='ocrx_word' id='word_1_220' title='bbox 1363 3015 1398 3068; x_wconf 90' lang='lat' dir='ltr'>et</span> <span class='ocrx_word' id='word_1_221' title='bbox 1427 3016 1465 3066; x_wconf 91' lang='lat' dir='ltr'>ut</span> <span class='ocrx_word' id='word_1_222' title='bbox 1493 2989 1568 3065; x_wconf 86' lang='lat' dir='ltr'>Itali</span> <span class='ocrx_word' id='word_1_223' title='bbox 1597 2991 1620 3062; x_wconf 92' lang='lat' dir='ltr'>ii</span> <span class='ocrx_word' id='word_1_224' title='bbox 1650 3013 1752 3080; x_wconf 89' lang='lat' dir='ltr'>sunt,</span> <span class='ocrx_word' id='word_1_225' title='bbox 1783 2987 1816 3063; x_wconf 93' lang='lat' dir='ltr'>in</span> <span class='ocrx_word' id='word_1_226' title='bbox 1847 2994 1915 3064; x_wconf 85' lang='lat' dir='ltr'>ita·</span> 
     </span>
     <span class='ocr_line' id='line_1_22' title="bbox 266 3095 1913 3214; baseline -0.001 -36"><span class='ocrx_word' id='word_1_227' title='bbox 266 3129 326 3208; x_wconf 86' lang='lat' dir='ltr'>per</span> <span class='ocrx_word' id='word_1_228' title='bbox 356 3095 381 3180; x_wconf 73' lang='lat' dir='ltr'>h</span> <span class='ocrx_word' id='word_1_229' title='bbox 409 3105 635 3211; x_wconf 84' lang='lat' dir='ltr'>exprimitur.</span> <span class='ocrx_word' id='word_1_230' title='bbox 681 3103 736 3180; x_wconf 79' lang='lat' dir='ltr'>nd</span> <span class='ocrx_word' id='word_1_231' title='bbox 777 3106 904 3182; x_wconf 86' lang='lat' dir='ltr'>calcem</span> <span class='ocrx_word' id='word_1_232' title='bbox 949 3103 1083 3178; x_wconf 86' lang='lat' dir='ltr'>Exodi·</span> <span class='ocrx_word' id='word_1_233' title='bbox 1116 3107 1162 3182; x_wconf 90' lang='lat' dir='ltr'>lia</span> <span class='ocrx_word' id='word_1_234' title='bbox 1205 3105 1392 3214; x_wconf 82' lang='lat' dir='ltr'>prodiisse.</span> <span class='ocrx_word' id='word_1_235' title='bbox 1432 3103 1531 3180; x_wconf 87' lang='lat' dir='ltr'>Nulla</span> <span class='ocrx_word' id='word_1_236' title='bbox 1579 3125 1629 3178; x_wconf 88' lang='lat' dir='ltr'>est</span> <span class='ocrx_word' id='word_1_237' title='bbox 1666 3126 1755 3208; x_wconf 90' lang='lat' dir='ltr'>qnae</span> <span class='ocrx_word' id='word_1_238' title='bbox 1794 3101 1913 3178; x_wconf 92' lang='lat' dir='ltr'>locum</span> 
     </span>
     <span class='ocr_line' id='line_1_23' title="bbox 268 3213 1915 3325; baseline 0.001 -35"><span class='ocrx_word' id='word_1_239' title='bbox 268 3217 351 3292; x_wconf 89' lang='lat' dir='ltr'>haec</span> <span class='ocrx_word' id='word_1_240' title='bbox 377 3218 554 3325; x_wconf 87' lang='lat' dir='ltr'>leguntur:</span> <span class='ocrx_word' id='word_1_241' title='bbox 586 3213 726 3298; x_wconf 50' lang='lat' dir='ltr'>&amp;attauh</span> <span class='ocrx_word' id='word_1_242' title='bbox 763 3215 839 3294; x_wconf 69' lang='lat' dir='ltr'>ttbrt</span> <span class='ocrx_word' id='word_1_243' title='bbox 879 3239 955 3297; x_wconf 65' lang='lat' dir='ltr'>artu</span> <span class='ocrx_word' id='word_1_244' title='bbox 991 3237 1060 3308; x_wconf 70' lang='lat' dir='ltr'>tta:</span> <span class='ocrx_word' id='word_1_245' title='bbox 1119 3219 1171 3296; x_wconf 88' lang='lat' dir='ltr'>vel</span> <span class='ocrx_word' id='word_1_246' title='bbox 1200 3245 1349 3306; x_wconf 91' lang='lat' dir='ltr'>annum,</span> <span class='ocrx_word' id='word_1_247' title='bbox 1377 3243 1418 3294; x_wconf 91' lang='lat' dir='ltr'>ac</span> <span class='ocrx_word' id='word_1_248' title='bbox 1455 3215 1526 3294; x_wconf 86' lang='lat' dir='ltr'>sola</span> <span class='ocrx_word' id='word_1_249' title='bbox 1555 3239 1670 3290; x_wconf 87' lang='lat' dir='ltr'>nostra</span> <span class='ocrx_word' id='word_1_250' title='bbox 1713 3215 1797 3292; x_wconf 89' lang='lat' dir='ltr'>ltaec</span> <span class='ocrx_word' id='word_1_251' title='bbox 1826 3239 1915 3320; x_wconf 90' lang='lat' dir='ltr'>quae</span> 
     </span>
     <span class='ocr_line' id='line_1_24' title="bbox 266 3328 1915 3442; baseline -0.003 -34"><span class='ocrx_word' id='word_1_252' title='bbox 266 3354 370 3408; x_wconf 62' lang='lat' dir='ltr'>matu</span> <span class='ocrx_word' id='word_1_253' title='bbox 399 3331 473 3426; x_wconf 75' lang='lat' dir='ltr'>turbt</span> <span class='ocrx_word' id='word_1_254' title='bbox 502 3353 547 3408; x_wconf 74' lang='lat' dir='ltr'>na</span> <span class='ocrx_word' id='word_1_255' title='bbox 574 3329 651 3431; x_wconf 72' lang='lat' dir='ltr'>nub</span> <span class='ocrx_word' id='word_1_256' title='bbox 679 3351 741 3422; x_wconf 78' lang='lat' dir='ltr'>tna</span> <span class='ocrx_word' id='word_1_257' title='bbox 780 3353 851 3420; x_wconf 73' lang='lat' dir='ltr'>naa</span> <span class='ocrx_word' id='word_1_258' title='bbox 878 3353 994 3408; x_wconf 74' lang='lat' dir='ltr'>rtmntt</span> <span class='ocrx_word' id='word_1_259' title='bbox 1021 3353 1059 3408; x_wconf 72' lang='lat' dir='ltr'>aa</span> <span class='ocrx_word' id='word_1_260' title='bbox 1118 3331 1356 3442; x_wconf 84' lang='lat' dir='ltr'>typographos</span> <span class='ocrx_word' id='word_1_261' title='bbox 1385 3329 1533 3438; x_wconf 89' lang='lat' dir='ltr'>pandat.</span> <span class='ocrx_word' id='word_1_262' title='bbox 1560 3333 1660 3428; x_wconf 85' lang='lat' dir='ltr'>Quae</span> <span class='ocrx_word' id='word_1_263' title='bbox 1689 3353 1723 3406; x_wconf 90' lang='lat' dir='ltr'>et</span> <span class='ocrx_word' id='word_1_264' title='bbox 1753 3355 1816 3436; x_wconf 85' lang='lat' dir='ltr'>pro</span> <span class='ocrx_word' id='word_1_265' title='bbox 1839 3328 1915 3435; x_wconf 89' lang='lat' dir='ltr'>pri·</span> 
     </span>
     <span class='ocr_line' id='line_1_25' title="bbox 263 3439 1912 3550; baseline -0.002 -29"><span class='ocrx_word' id='word_1_266' title='bbox 263 3462 358 3536; x_wconf 69' lang='lat' dir='ltr'>tonat</span> <span class='ocrx_word' id='word_1_267' title='bbox 385 3466 491 3524; x_wconf 68' lang='lat' dir='ltr'>nuent</span> <span class='ocrx_word' id='word_1_268' title='bbox 518 3467 632 3526; x_wconf 53' lang='lat' dir='ltr'>natant</span> <span class='ocrx_word' id='word_1_269' title='bbox 672 3439 707 3527; x_wconf 60' lang='lat' dir='ltr'>‘ir</span> <span class='ocrx_word' id='word_1_270' title='bbox 741 3467 830 3540; x_wconf 68' lang='lat' dir='ltr'>sanna</span> <span class='ocrx_word' id='word_1_271' title='bbox 859 3465 932 3522; x_wconf 62' lang='lat' dir='ltr'>nat*</span> <span class='ocrx_word' id='word_1_272' title='bbox 959 3463 1062 3528; x_wconf 61' lang='lat' dir='ltr'>nuso:</span> <span class='ocrx_word' id='word_1_273' title='bbox 1119 3447 1224 3524; x_wconf 87' lang='lat' dir='ltr'>maria</span> <span class='ocrx_word' id='word_1_274' title='bbox 1263 3443 1419 3523; x_wconf 89' lang='lat' dir='ltr'>habenda</span> <span class='ocrx_word' id='word_1_275' title='bbox 1460 3468 1495 3520; x_wconf 90' lang='lat' dir='ltr'>et</span> <span class='ocrx_word' id='word_1_276' title='bbox 1537 3443 1755 3550; x_wconf 87' lang='lat' dir='ltr'>integerrima</span> <span class='ocrx_word' id='word_1_277' title='bbox 1794 3441 1912 3547; x_wconf 86' lang='lat' dir='ltr'>quoad</span> 
     </span>
    </p>
   </div>
   <div class='ocr_carea' id='block_1_3' title="bbox 265 3555 1914 3774">
    <p class='ocr_par' dir='ltr' id='par_1_3' title="bbox 265 3555 1914 3774">
     <span class='ocr_line' id='line_1_26' title="bbox 265 3555 1914 3664; baseline -0.001 -30"><span class='ocrx_word' id='word_1_278' title='bbox 265 3581 372 3636; x_wconf 72' lang='lat' dir='ltr'>notan</span> <span class='ocrx_word' id='word_1_279' title='bbox 402 3613 422 3648; x_wconf 93' lang='lat'>„</span> <span class='ocrx_word' id='word_1_280' title='bbox 452 3558 656 3648; x_wconf 88' lang='lat' dir='ltr'>Benedictus</span> <span class='ocrx_word' id='word_1_281' title='bbox 695 3558 755 3664; x_wconf 92' lang='lat' dir='ltr'>qni</span> <span class='ocrx_word' id='word_1_282' title='bbox 785 3559 905 3634; x_wconf 93' lang='lat' dir='ltr'>tribuit</span> <span class='ocrx_word' id='word_1_283' title='bbox 947 3558 1061 3633; x_wconf 90' lang='lat' dir='ltr'>virtu·</span> <span class='ocrx_word' id='word_1_284' title='bbox 1114 3584 1155 3636; x_wconf 87' lang='lat' dir='ltr'>ea</span> <span class='ocrx_word' id='word_1_285' title='bbox 1184 3562 1261 3637; x_wconf 88' lang='lat' dir='ltr'>loca</span> <span class='ocrx_word' id='word_1_286' title='bbox 1290 3559 1388 3636; x_wconf 87' lang='lat' dir='ltr'>nobis</span> <span class='ocrx_word' id='word_1_287' title='bbox 1426 3555 1549 3660; x_wconf 88' lang='lat' dir='ltr'>injuria</span> <span class='ocrx_word' id='word_1_288' title='bbox 1584 3580 1675 3660; x_wconf 91' lang='lat' dir='ltr'>qnae</span> <span class='ocrx_word' id='word_1_289' title='bbox 1716 3557 1751 3634; x_wconf 91' lang='lat' dir='ltr'>itt</span> <span class='ocrx_word' id='word_1_290' title='bbox 1796 3581 1914 3632; x_wconf 89' lang='lat' dir='ltr'>recen·</span> 
     </span>
     <span class='ocr_line' id='line_1_27' title="bbox 265 3669 1819 3774; baseline -0.003 -27"><span class='ocrx_word' id='word_1_291' title='bbox 265 3694 335 3747; x_wconf 89' lang='lat' dir='ltr'>tem</span> <span class='ocrx_word' id='word_1_292' title='bbox 365 3695 465 3746; x_wconf 88' lang='lat' dir='ltr'>servo</span> <span class='ocrx_word' id='word_1_293' title='bbox 494 3697 583 3759; x_wconf 90' lang='lat' dir='ltr'>stto,</span> <span class='ocrx_word' id='word_1_294' title='bbox 610 3671 683 3744; x_wconf 88' lang='lat' dir='ltr'>filio</span> <span class='ocrx_word' id='word_1_295' title='bbox 709 3671 848 3746; x_wconf 88' lang='lat' dir='ltr'>ancillae</span> <span class='ocrx_word' id='word_1_296' title='bbox 868 3695 968 3748; x_wconf 89' lang='lat' dir='ltr'>suae.</span> <span class='ocrx_word' id='word_1_297' title='bbox 997 3675 1060 3747; x_wconf 89' lang='lat' dir='ltr'>Be·</span> <span class='ocrx_word' id='word_1_298' title='bbox 1117 3673 1264 3752; x_wconf 84' lang='lat' dir='ltr'>tiotibns</span> <span class='ocrx_word' id='word_1_299' title='bbox 1292 3669 1500 3750; x_wconf 89' lang='lat' dir='ltr'>editionibus</span> <span class='ocrx_word' id='word_1_300' title='bbox 1528 3693 1609 3746; x_wconf 87' lang='lat' dir='ltr'>suut</span> <span class='ocrx_word' id='word_1_301' title='bbox 1642 3671 1819 3774; x_wconf 88' lang='lat' dir='ltr'>mutilata.</span> 
     </span>
    </p>
   </div>
   <div class='ocr_carea' id='block_1_4' title="bbox 264 3782 1992 5596">
    <p class='ocr_par' dir='ltr' id='par_1_4' title="bbox 264 3782 1533 4006">
     <span class='ocr_line' id='line_1_28' title="bbox 265 3782 1533 3916; baseline 0.001 -58"><span class='ocrx_word' id='word_1_302' title='bbox 265 3782 422 3860; x_wconf 86' lang='lat' dir='ltr'>nedictus</span> <span class='ocrx_word' id='word_1_303' title='bbox 449 3785 509 3889; x_wconf 91' lang='lat' dir='ltr'>qni</span> <span class='ocrx_word' id='word_1_304' title='bbox 537 3783 595 3860; x_wconf 90' lang='lat' dir='ltr'>dat</span> <span class='ocrx_word' id='word_1_305' title='bbox 623 3783 725 3876; x_wconf 65' lang='lat' dir='ltr'>fesso,</span> <span class='ocrx_word' id='word_1_306' title='bbox 741 3784 1001 3874; x_wconf 87' lang='lat' dir='ltr'>fortitudinem,</span> <span class='ocrx_word' id='word_1_307' title='bbox 1022 3805 1057 3859; x_wconf 90' lang='lat' dir='ltr'>et</span> <span class='ocrx_word' id='word_1_308' title='bbox 1501 3845 1533 3916; x_wconf 74' lang='lat' dir='ltr'>X</span> 
     </span>
     <span class='ocr_line' id='line_1_29' title="bbox 264 3896 1059 4006; baseline -0.005 -32"><span class='ocrx_word' id='word_1_309' title='bbox 264 3899 321 3974; x_wconf 89' lang='lat' dir='ltr'>cni</span> <span class='ocrx_word' id='word_1_310' title='bbox 352 3898 438 3974; x_wconf 83' lang='lat' dir='ltr'>vires</span> <span class='ocrx_word' id='word_1_311' title='bbox 464 3896 649 3990; x_wconf 88' lang='lat' dir='ltr'>deficiunt,</span> <span class='ocrx_word' id='word_1_312' title='bbox 685 3897 790 3973; x_wconf 93' lang='lat' dir='ltr'>robur</span> <span class='ocrx_word' id='word_1_313' title='bbox 822 3923 947 4006; x_wconf 85' lang='lat' dir='ltr'>auget.</span> <span class='ocrx_word' id='word_1_314' title='bbox 990 3899 1059 3970; x_wconf 87' lang='lat' dir='ltr'>De·</span> 
     </span>
    </p>

    <p class='ocr_par' dir='ltr' id='par_1_5' title="bbox 265 4007 1917 4346">
     <span class='ocr_line' id='line_1_30' title="bbox 265 4007 1917 4116; baseline -0.007 -20"><span class='ocrx_word' id='word_1_315' title='bbox 265 4011 412 4116; x_wconf 89' lang='lat' dir='ltr'>scriptus</span> <span class='ocrx_word' id='word_1_316' title='bbox 442 4035 503 4115; x_wconf 64' lang='lat' dir='ltr'>pes</span> <span class='ocrx_word' id='word_1_317' title='bbox 532 4035 651 4086; x_wconf 75' lang='lat' dir='ltr'>manus</span> <span class='ocrx_word' id='word_1_318' title='bbox 679 4009 854 4095; x_wconf 71' lang='lat' dir='ltr'>Obadiae·</span> <span class='ocrx_word' id='word_1_319' title='bbox 896 4009 1060 4089; x_wconf 79' lang='lat' dir='ltr'>Manassis</span> <span class='ocrx_word' id='word_1_320' title='bbox 1187 4019 1237 4090; x_wconf 82' lang='lat' dir='ltr'>tt.</span> <span class='ocrx_word' id='word_1_321' title='bbox 1267 4016 1406 4088; x_wconf 82' lang='lat' dir='ltr'>Nathdrt</span> <span class='ocrx_word' id='word_1_322' title='bbox 1428 4015 1498 4108; x_wconf 77' lang='lat' dir='ltr'>filit·</span> <span class='ocrx_word' id='word_1_323' title='bbox 1526 4007 1679 4088; x_wconf 67' lang='lat' dir='ltr'>lechiciis</span> <span class='ocrx_word' id='word_1_324' title='bbox 1711 4013 1825 4085; x_wconf 83' lang='lat' dir='ltr'>Aritclt</span> <span class='ocrx_word' id='word_1_325' title='bbox 1840 4017 1917 4098; x_wconf 77' lang='lat' dir='ltr'>,si-</span> 
     </span>
     <span class='ocr_line' id='line_1_31' title="bbox 266 4122 1915 4224; baseline -0.004 -24"><span class='ocrx_word' id='word_1_326' title='bbox 266 4149 300 4200; x_wconf 90' lang='lat' dir='ltr'>et</span> <span class='ocrx_word' id='word_1_327' title='bbox 330 4122 515 4200; x_wconf 87' lang='lat' dir='ltr'>Biniamirti</span> <span class='ocrx_word' id='word_1_328' title='bbox 544 4123 588 4199; x_wconf 90' lang='lat' dir='ltr'>de</span> <span class='ocrx_word' id='word_1_329' title='bbox 617 4127 727 4198; x_wconf 87' lang='lat' dir='ltr'>Roma</span> <span class='ocrx_word' id='word_1_330' title='bbox 756 4177 798 4210; x_wconf 90' lang='lat'>„.</span> <span class='ocrx_word' id='word_1_331' title='bbox 839 4125 1057 4224; x_wconf 86' lang='lat' dir='ltr'>Conjeceram</span> <span class='ocrx_word' id='word_1_332' title='bbox 1116 4153 1156 4200; x_wconf 81' lang='grc' dir='ltr'>νι</span> <span class='ocrx_word' id='word_1_333' title='bbox 1195 4131 1348 4202; x_wconf 81' lang='lat' dir='ltr'>Lexicort</span> <span class='ocrx_word' id='word_1_334' title='bbox 1388 4130 1630 4210; x_wconf 78' lang='lat' dir='ltr'>talmadtcam,</span> <span class='ocrx_word' id='word_1_335' title='bbox 1668 4133 1702 4198; x_wconf 87' lang='lat' dir='ltr'>t&#39;tr</span> <span class='ocrx_word' id='word_1_336' title='bbox 1734 4127 1801 4220; x_wconf 80' lang='lat' dir='ltr'>foi.</span> <span class='ocrx_word' id='word_1_337' title='bbox 1845 4131 1915 4198; x_wconf 84' lang='lat' dir='ltr'>st&#39;tte</span> 
     </span>
     <span class='ocr_line' id='line_1_32' title="bbox 265 4234 1789 4346; baseline -0.005 -33"><span class='ocrx_word' id='word_1_338' title='bbox 265 4239 350 4316; x_wconf 92' lang='lat' dir='ltr'>olim</span> <span class='ocrx_word' id='word_1_339' title='bbox 380 4259 548 4346; x_wconf 88' lang='lat' dir='ltr'>postrema</span> <span class='ocrx_word' id='word_1_340' title='bbox 580 4235 664 4314; x_wconf 88' lang='lat' dir='ltr'>haec</span> <span class='ocrx_word' id='word_1_341' title='bbox 694 4235 795 4313; x_wconf 86' lang='lat' dir='ltr'>verba</span> <span class='ocrx_word' id='word_1_342' title='bbox 815 4237 860 4313; x_wconf 92' lang='lat' dir='ltr'>de</span> <span class='ocrx_word' id='word_1_343' title='bbox 887 4234 1062 4344; x_wconf 87' lang='lat' dir='ltr'>exempla·</span> <span class='ocrx_word' id='word_1_344' title='bbox 1117 4243 1393 4328; x_wconf 70' lang='lat' dir='ltr'>annoniaco,</span> <span class='ocrx_word' id='word_1_345' title='bbox 1422 4261 1497 4312; x_wconf 80' lang='lat' dir='ltr'>aare</span> <span class='ocrx_word' id='word_1_346' title='bbox 1527 4255 1789 4310; x_wconf 75' lang='lat' dir='ltr'>arescetxrtx.</span> 
     </span>
    </p>

    <p class='ocr_par' dir='ltr' id='par_1_6' title="bbox 264 4343 1992 5596">
     <span class='ocr_line' id='line_1_33' title="bbox 265 4343 1915 4458; baseline -0.005 -30"><span class='ocrx_word' id='word_1_347' title='bbox 265 4353 294 4428; x_wconf 90' lang='lat' dir='ltr'>ti</span> <span class='ocrx_word' id='word_1_348' title='bbox 334 4377 379 4430; x_wconf 88' lang='lat' dir='ltr'>ert</span> <span class='ocrx_word' id='word_1_349' title='bbox 420 4377 492 4458; x_wconf 91' lang='lat' dir='ltr'>qno</span> <span class='ocrx_word' id='word_1_350' title='bbox 532 4349 619 4426; x_wconf 87' lang='lat' dir='ltr'>facta</span> <span class='ocrx_word' id='word_1_351' title='bbox 657 4375 709 4426; x_wconf 88' lang='lat' dir='ltr'>est</span> <span class='ocrx_word' id='word_1_352' title='bbox 746 4349 876 4440; x_wconf 89' lang='lat' dir='ltr'>editio,</span> <span class='ocrx_word' id='word_1_353' title='bbox 915 4376 973 4428; x_wconf 88' lang='lat' dir='ltr'>seu</span> <span class='ocrx_word' id='word_1_354' title='bbox 1013 4349 1061 4425; x_wconf 88' lang='lat' dir='ltr'>de</span> <span class='ocrx_word' id='word_1_355' title='bbox 1203 4351 1310 4428; x_wconf 88' lang='lat' dir='ltr'>Silent</span> <span class='ocrx_word' id='word_1_356' title='bbox 1352 4377 1386 4428; x_wconf 91' lang='lat' dir='ltr'>et</span> <span class='ocrx_word' id='word_1_357' title='bbox 1419 4347 1464 4426; x_wconf 92' lang='lat' dir='ltr'>de</span> <span class='ocrx_word' id='word_1_358' title='bbox 1505 4373 1618 4425; x_wconf 88' lang='lat' dir='ltr'>nostra</span> <span class='ocrx_word' id='word_1_359' title='bbox 1657 4347 1724 4425; x_wconf 89' lang='lat' dir='ltr'>bac</span> <span class='ocrx_word' id='word_1_360' title='bbox 1761 4343 1915 4420; x_wconf 88' lang='lat' dir='ltr'>editione</span> 
     </span>
     <span class='ocr_line' id='line_1_34' title="bbox 264 4457 1992 4573; baseline -0.008 -30"><span class='ocrx_word' id='word_1_361' title='bbox 264 4471 340 4570; x_wconf 84' lang='lat' dir='ltr'>ejus</span> <span class='ocrx_word' id='word_1_362' title='bbox 381 4465 646 4542; x_wconf 86' lang='lat' dir='ltr'>amanuensibus</span> <span class='ocrx_word' id='word_1_363' title='bbox 691 4487 762 4540; x_wconf 87' lang='lat' dir='ltr'>esse</span> <span class='ocrx_word' id='word_1_364' title='bbox 816 4462 1058 4572; x_wconf 84' lang='lat' dir='ltr'>intelligenda,</span> <span class='ocrx_word' id='word_1_365' title='bbox 1115 4489 1234 4541; x_wconf 88' lang='lat' dir='ltr'>omnes</span> <span class='ocrx_word' id='word_1_366' title='bbox 1269 4463 1501 4573; x_wconf 91' lang='lat' dir='ltr'>bibliographi</span> <span class='ocrx_word' id='word_1_367' title='bbox 1540 4464 1601 4569; x_wconf 92' lang='lat' dir='ltr'>qui</span> <span class='ocrx_word' id='word_1_368' title='bbox 1643 4460 1823 4566; x_wconf 85' lang='lat' dir='ltr'>bucusque</span> <span class='ocrx_word' id='word_1_369' title='bbox 1851 4457 1917 4532; x_wconf 67' lang='lat' dir='ltr'>Pi-</span> <span class='ocrx_word' id='word_1_370' title='bbox 1987 4533 1992 4541; x_wconf 72' lang='grc'><strong>,</strong></span> 
     </span>
     <span class='ocr_line' id='line_1_35' title="bbox 268 4570 1913 4684; baseline -0.004 -32"><span class='ocrx_word' id='word_1_371' title='bbox 268 4578 372 4655; x_wconf 92' lang='lat' dir='ltr'>modo</span> <span class='ocrx_word' id='word_1_372' title='bbox 415 4603 495 4656; x_wconf 87' lang='lat' dir='ltr'>tero</span> <span class='ocrx_word' id='word_1_373' title='bbox 536 4578 580 4654; x_wconf 91' lang='lat' dir='ltr'>de</span> <span class='ocrx_word' id='word_1_374' title='bbox 625 4576 777 4654; x_wconf 89' lang='lat' dir='ltr'>editione</span> <span class='ocrx_word' id='word_1_375' title='bbox 814 4579 885 4684; x_wconf 87' lang='lat' dir='ltr'>ipsa</span> <span class='ocrx_word' id='word_1_376' title='bbox 914 4584 1058 4682; x_wconf 82' lang='lat' dir='ltr'>ejusque</span> <span class='ocrx_word' id='word_1_377' title='bbox 1114 4603 1309 4655; x_wconf 90' lang='lat' dir='ltr'>saurensem</span> <span class='ocrx_word' id='word_1_378' title='bbox 1359 4579 1439 4654; x_wconf 88' lang='lat' dir='ltr'>anni</span> <span class='ocrx_word' id='word_1_379' title='bbox 1490 4601 1592 4676; x_wconf 82' lang='lat'>1517</span> <span class='ocrx_word' id='word_1_380' title='bbox 1638 4599 1677 4652; x_wconf 91' lang='lat' dir='ltr'>ut</span> <span class='ocrx_word' id='word_1_381' title='bbox 1719 4570 1913 4682; x_wconf 87' lang='lat' dir='ltr'>primariam</span> 
     </span>
     <span class='ocr_line' id='line_1_36' title="bbox 269 4687 1915 4802; baseline -0.007 -34"><span class='ocrx_word' id='word_1_382' title='bbox 269 4692 498 4802; x_wconf 85' lang='lat' dir='ltr'>typographis</span> <span class='ocrx_word' id='word_1_383' title='bbox 526 4691 613 4766; x_wconf 91' lang='lat' dir='ltr'>milti</span> <span class='ocrx_word' id='word_1_384' title='bbox 644 4690 804 4768; x_wconf 84' lang='lat' dir='ltr'>videntur</span> <span class='ocrx_word' id='word_1_385' title='bbox 834 4691 958 4798; x_wconf 89' lang='lat' dir='ltr'>potiori</span> <span class='ocrx_word' id='word_1_386' title='bbox 985 4695 1060 4791; x_wconf 85' lang='lat' dir='ltr'>jure</span> <span class='ocrx_word' id='word_1_387' title='bbox 1115 4713 1370 4798; x_wconf 83' lang='lat' dir='ltr'>suspexerunt.</span> <span class='ocrx_word' id='word_1_388' title='bbox 1414 4691 1460 4767; x_wconf 87' lang='lat' dir='ltr'>Ea</span> <span class='ocrx_word' id='word_1_389' title='bbox 1488 4715 1540 4767; x_wconf 89' lang='lat' dir='ltr'>est</span> <span class='ocrx_word' id='word_1_390' title='bbox 1582 4687 1814 4794; x_wconf 86' lang='lat' dir='ltr'>antiquissima</span> <span class='ocrx_word' id='word_1_391' title='bbox 1845 4708 1915 4758; x_wconf 92' lang='lat' dir='ltr'>eo-</span> 
     </span>
     <span class='ocr_line' id='line_1_37' title="bbox 266 4802 1915 4914; baseline -0.006 -32"><span class='ocrx_word' id='word_1_392' title='bbox 266 4805 498 4914; x_wconf 84' lang='lat' dir='ltr'>explananda.</span> <span class='ocrx_word' id='word_1_393' title='bbox 543 4811 613 4882; x_wconf 87' lang='lat' dir='ltr'>Nec</span> <span class='ocrx_word' id='word_1_394' title='bbox 653 4804 748 4881; x_wconf 89' lang='lat' dir='ltr'>enim</span> <span class='ocrx_word' id='word_1_395' title='bbox 789 4804 823 4880; x_wconf 90' lang='lat' dir='ltr'>in</span> <span class='ocrx_word' id='word_1_396' title='bbox 853 4803 1060 4881; x_wconf 85' lang='lat' dir='ltr'>editionibus</span> <span class='ocrx_word' id='word_1_397' title='bbox 1116 4803 1268 4910; x_wconf 88' lang='lat' dir='ltr'>demque</span> <span class='ocrx_word' id='word_1_398' title='bbox 1293 4803 1489 4880; x_wconf 84' lang='lat' dir='ltr'>charactere</span> <span class='ocrx_word' id='word_1_399' title='bbox 1510 4802 1798 4906; x_wconf 88' lang='lat' dir='ltr'>elaborata,qno</span> <span class='ocrx_word' id='word_1_400' title='bbox 1817 4821 1915 4906; x_wconf 73' lang='lat' dir='ltr'>prae-</span> 
     </span>
     <span class='ocr_line' id='line_1_38' title="bbox 269 4910 1916 5048; baseline -0.006 -54"><span class='ocrx_word' id='word_1_401' title='bbox 269 4921 529 4997; x_wconf 87' lang='lat' dir='ltr'>amanuensium</span> <span class='ocrx_word' id='word_1_402' title='bbox 571 4917 712 4994; x_wconf 88' lang='lat' dir='ltr'>nomina</span> <span class='ocrx_word' id='word_1_403' title='bbox 748 4918 863 5048; x_wconf 56' lang='lat' dir='ltr'>sopent</span> <span class='ocrx_word' id='word_1_404' title='bbox 902 4915 1060 5010; x_wconf 87' lang='lat' dir='ltr'>retineri,</span> <span class='ocrx_word' id='word_1_405' title='bbox 1120 4917 1247 4995; x_wconf 90' lang='lat' dir='ltr'>cedens</span> <span class='ocrx_word' id='word_1_406' title='bbox 1273 4916 1514 4996; x_wconf 88' lang='lat' dir='ltr'>Nachntanidis</span> <span class='ocrx_word' id='word_1_407' title='bbox 1535 4915 1831 4992; x_wconf 82' lang='lat' dir='ltr'>Commentarius·</span> <span class='ocrx_word' id='word_1_408' title='bbox 1857 4910 1916 4986; x_wconf 90' lang='lat' dir='ltr'>Si-</span> 
     </span>
     <span class='ocr_line' id='line_1_39' title="bbox 267 5026 1918 5139; baseline -0.008 -28"><span class='ocrx_word' id='word_1_409' title='bbox 267 5057 324 5111; x_wconf 83' lang='lat' dir='ltr'>tut</span> <span class='ocrx_word' id='word_1_410' title='bbox 355 5059 421 5110; x_wconf 90' lang='lat' dir='ltr'>tres</span> <span class='ocrx_word' id='word_1_411' title='bbox 454 5034 553 5109; x_wconf 88' lang='lat' dir='ltr'>unius</span> <span class='ocrx_word' id='word_1_412' title='bbox 581 5031 803 5139; x_wconf 80' lang='lat' dir='ltr'>ejusdemque</span> <span class='ocrx_word' id='word_1_413' title='bbox 832 5031 960 5110; x_wconf 90' lang='lat' dir='ltr'>codicis</span> <span class='ocrx_word' id='word_1_414' title='bbox 989 5058 1065 5138; x_wconf 90' lang='lat' dir='ltr'>por·</span> <span class='ocrx_word' id='word_1_415' title='bbox 1121 5056 1166 5108; x_wconf 91' lang='lat' dir='ltr'>ne</span> <span class='ocrx_word' id='word_1_416' title='bbox 1194 5031 1265 5110; x_wconf 89' lang='lat' dir='ltr'>ulla</span> <span class='ocrx_word' id='word_1_417' title='bbox 1301 5031 1403 5120; x_wconf 87' lang='lat' dir='ltr'>anni,</span> <span class='ocrx_word' id='word_1_418' title='bbox 1431 5030 1518 5120; x_wconf 87' lang='lat' dir='ltr'>loci,</span> <span class='ocrx_word' id='word_1_419' title='bbox 1558 5026 1770 5136; x_wconf 79' lang='lat' dir='ltr'>typographi</span> <span class='ocrx_word' id='word_1_420' title='bbox 1812 5047 1918 5116; x_wconf 84' lang='lat' dir='ltr'>nota,</span> 
     </span>
     <span class='ocr_line' id='line_1_40' title="bbox 267 5129 1916 5254; baseline -0.007 -30"><span class='ocrx_word' id='word_1_421' title='bbox 267 5149 371 5224; x_wconf 89' lang='lat' dir='ltr'>tionis</span> <span class='ocrx_word' id='word_1_422' title='bbox 399 5147 526 5223; x_wconf 85' lang='lat' dir='ltr'>scribae</span> <span class='ocrx_word' id='word_1_423' title='bbox 568 5146 765 5237; x_wconf 87' lang='lat' dir='ltr'>numerari,</span> <span class='ocrx_word' id='word_1_424' title='bbox 793 5173 910 5224; x_wconf 90' lang='lat' dir='ltr'>contra</span> <span class='ocrx_word' id='word_1_425' title='bbox 939 5171 1060 5223; x_wconf 89' lang='lat' dir='ltr'>eorum</span> <span class='ocrx_word' id='word_1_426' title='bbox 1121 5145 1194 5222; x_wconf 86' lang='lat' dir='ltr'>sine</span> <span class='ocrx_word' id='word_1_427' title='bbox 1243 5145 1413 5233; x_wconf 89' lang='lat' dir='ltr'>numeris,</span> <span class='ocrx_word' id='word_1_428' title='bbox 1466 5141 1670 5253; x_wconf 84' lang='lat' dir='ltr'>signaturis,</span> <span class='ocrx_word' id='word_1_429' title='bbox 1712 5129 1916 5254; x_wconf 69' lang='lat' dir='ltr'>custodibus</span> 
     </span>
     <span class='ocr_line' id='line_1_41' title="bbox 271 5251 1914 5369; baseline -0.008 -33"><span class='ocrx_word' id='word_1_430' title='bbox 271 5261 348 5338; x_wconf 88' lang='lat' dir='ltr'>ioco</span> <span class='ocrx_word' id='word_1_431' title='bbox 377 5259 628 5339; x_wconf 85' lang='lat' dir='ltr'>substituuntur</span> <span class='ocrx_word' id='word_1_432' title='bbox 667 5261 898 5369; x_wconf 88' lang='lat' dir='ltr'>typographi,</span> <span class='ocrx_word' id='word_1_433' title='bbox 941 5257 1001 5365; x_wconf 88' lang='lat' dir='ltr'>qui</span> <span class='ocrx_word' id='word_1_434' title='bbox 1029 5283 1064 5334; x_wconf 89' lang='lat' dir='ltr'>et</span> <span class='ocrx_word' id='word_1_435' title='bbox 1122 5261 1193 5335; x_wconf 87' lang='lat' dir='ltr'>sire</span> <span class='ocrx_word' id='word_1_436' title='bbox 1223 5258 1426 5367; x_wconf 88' lang='lat' dir='ltr'>paginarum</span> <span class='ocrx_word' id='word_1_437' title='bbox 1455 5257 1527 5335; x_wconf 83' lang='lat' dir='ltr'>sive</span> <span class='ocrx_word' id='word_1_438' title='bbox 1556 5255 1749 5338; x_wconf 88' lang='lat' dir='ltr'>linearum,</span> <span class='ocrx_word' id='word_1_439' title='bbox 1778 5251 1914 5356; x_wconf 78' lang='lat' dir='ltr'>punctis</span> 
     </span>
     <span class='ocr_line' id='line_1_42' title="bbox 269 5361 1916 5481; baseline -0.007 -31"><span class='ocrx_word' id='word_1_440' title='bbox 269 5399 370 5480; x_wconf 86' lang='lat' dir='ltr'>saepe</span> <span class='ocrx_word' id='word_1_441' title='bbox 411 5371 523 5477; x_wconf 87' lang='lat' dir='ltr'>piures</span> <span class='ocrx_word' id='word_1_442' title='bbox 563 5374 822 5460; x_wconf 84' lang='lat' dir='ltr'>consociantur,</span> <span class='ocrx_word' id='word_1_443' title='bbox 863 5399 897 5450; x_wconf 87' lang='lat' dir='ltr'>et</span> <span class='ocrx_word' id='word_1_444' title='bbox 933 5371 1066 5481; x_wconf 88' lang='lat' dir='ltr'>optime</span> <span class='ocrx_word' id='word_1_445' title='bbox 1122 5399 1209 5478; x_wconf 87' lang='lat' dir='ltr'>qnae</span> <span class='ocrx_word' id='word_1_446' title='bbox 1264 5370 1425 5480; x_wconf 89' lang='lat' dir='ltr'>periodos</span> <span class='ocrx_word' id='word_1_447' title='bbox 1466 5367 1666 5446; x_wconf 83' lang='lat' dir='ltr'>absolvant.</span> <span class='ocrx_word' id='word_1_448' title='bbox 1713 5361 1916 5442; x_wconf 87' lang='lat' dir='ltr'>Taltnndica</span> 
     </span>
     <span class='ocr_line' id='line_1_43' title="bbox 272 5475 1918 5596; baseline -0.009 -32"><span class='ocrx_word' id='word_1_449' title='bbox 272 5485 487 5596; x_wconf 84' lang='lat' dir='ltr'>printissimis</span> <span class='ocrx_word' id='word_1_450' title='bbox 523 5487 590 5574; x_wconf 84' lang='lat' dir='ltr'>illis</span> <span class='ocrx_word' id='word_1_451' title='bbox 626 5487 707 5564; x_wconf 86' lang='lat' dir='ltr'>artis</span> <span class='ocrx_word' id='word_1_452' title='bbox 739 5488 950 5594; x_wconf 89' lang='lat' dir='ltr'>temporibus</span> <span class='ocrx_word' id='word_1_453' title='bbox 980 5509 1065 5567; x_wconf 80' lang='lat' dir='ltr'>voce</span> <span class='ocrx_word' id='word_1_454' title='bbox 1125 5484 1293 5566; x_wconf 79' lang='lat' dir='ltr'>vocabula</span> <span class='ocrx_word' id='word_1_455' title='bbox 1331 5509 1419 5593; x_wconf 87' lang='lat' dir='ltr'>quae</span> <span class='ocrx_word' id='word_1_456' title='bbox 1455 5482 1702 5591; x_wconf 79' lang='lat' dir='ltr'>explanantur,</span> <span class='ocrx_word' id='word_1_457' title='bbox 1731 5475 1823 5585; x_wconf 85' lang='lat' dir='ltr'>typis</span> <span class='ocrx_word' id='word_1_458' title='bbox 1851 5499 1918 5552; x_wconf 84' lang='lat' dir='ltr'>ett-</span> 
     </span>
    </p>
   </div>
   <div class='ocr_carea' id='block_1_5' title="bbox 0 0 2583 7092">
    <p class='ocr_par' dir='ltr' id='par_1_7' title="bbox 0 0 2583 7092">
     <span class='ocr_line' id='line_1_44' title="bbox 0 0 2583 7092; baseline 0 0"><span class='ocrx_word' id='word_1_459' title='bbox 0 0 2583 7092; x_wconf 95' lang='lat' dir='ltr'> </span> 
     </span>
    </p>
   </div>
  </div>
 </body>
</html>
