5222 7090
847 668 1405 743 PARSPRIMA
1888 669 1934 745 Gt

299 839 427 948 aphel,
467 847 572 939 legere
605 845 772 940 jitcitrtt,
812 849 999 928 instruent,
1028 845 1094 916 do·
1148 841 1323 920 character
1343 841 1559 937 rabbinicus,
1581 842 1673 921 idem
1695 869 1838 952 uterque
1858 871 1938 923 cum

295 985 392 1044 ator,
407 979 621 1052 praeceptor.
651 953 849 1030 lectionem
870 979 905 1032 et
927 955 1093 1060 interpre·
1150 955 1290 1061 reliquis
1311 959 1472 1036 omnibus
1493 957 1632 1065 losephi
1653 956 1844 1036 Aschenazi
1867 957 1943 1036 edi·

297 1071 462 1148 tationem
495 1069 583 1142 hanc
624 1065 815 1144 luculenter
856 1093 949 1144 nunc
987 1067 1090 1144 tideo
1149 1067 1325 1156 tionibus,
1353 1097 1390 1148 ut
1418 1070 1569 1149 dubitari
1598 1071 1741 1176 quidem
1771 1099 1838 1147 non
1861 1099 1941 1180 pos·

300 1187 346 1262 ab
373 1208 512 1262 auctore
551 1181 627 1287 ipso
665 1179 880 1267 confirmati,
911 1206 983 1286 quo
1011 1205 1091 1257 sane
1148 1181 1212 1271 sit,
1239 1183 1325 1290 quin
1355 1209 1470 1262 nostra
1498 1183 1604 1263 editio
1633 1210 1678 1260 ex
1707 1183 1866 1288 ejusdem
1882 1192 1942 1268 Jo-

298 1325 403 1376 nemo
434 1296 555 1373 melior
572 1298 761 1400 interpres,
781 1292 824 1370 ad
845 1294 975 1370 calcem
996 1319 1093 1401 prae·
1147 1293 1247 1401 sephi
1298 1295 1412 1401 praelo
1470 1295 1612 1404 Neapoli
1653 1297 1838 1402 prodierit,
1878 1325 1942 1374 nec

294 1409 456 1490 lationist
499 1405 592 1486 min
632 1401 674 1485 ‘a
715 1428 808 1503 ’prat
857 1425 936 1504 'apo
961 1427 1091 1504 Ιιιιιιιρ
1149 1406 1217 1484 ulla
1246 1433 1284 1484 ea
1314 1433 1423 1487 aetate
1451 1412 1553 1488 CPoli
1585 1411 1740 1486 hebraica
1772 1436 1939 1520 typogra-

296 1545 448 1619 t'ttpttut
491 1531 609 1598 vacavi
646 1547 721 1596 tam
763 1524 885 1595 Makre
923 1527 1091 1622 dardckl,
1149 1520 1231 1628 phia
1260 1520 1419 1628 vigebat,
1460 1549 1495 1599 ιιι
1523 1523 1710 1610 ,verosimili
1739 1522 1857 1630 aliquo
1888 1551 1941 1600 ar·

296 1648 465 1733 expositio
504 1642 621 1710 doctor
665 1661 868 1730 puerorum,
916 1631 1092 1742 productis
1148 1660 1314 1742 gumento
1342 1633 1386 1711 ad
1415 1663 1489 1714 eam
1520 1638 1641 1715 urbem
1672 1637 1776 1744 possit
1798 1635 1941 1712 referri.

267 1763 270 1770 ’
298 1751 470 1856 exemplis
511 1773 555 1822 ex
586 1771 729 1824 tractatu
758 1745 897 1824 Ghittin
927 1772 962 1822 et
991 1753 1092 1828 leva·
1148 1753 1195 1822 At
1225 1773 1307 1824 vero
1336 1748 1364 1846 si
1394 1753 1428 1829 in
1456 1747 1671 1855 conjiciendo
1701 1749 1779 1826 loco
1811 1748 1939 1826 erravit

301 1864 427 1952 mdth,
466 1861 503 1936 in
539 1859 666 1968 quibus
695 1887 734 1937 ea
764 1858 867 1936 rerba
904 1858 939 1934 in
969 1858 1090 1936 eadem
1147 1859 1313 1950 Wolfius,
1358 1879 1436 1941 non'
1471 1865 1620 1952 erravit,
1667 1887 1705 1940 ιιι
1747 1864 1939 1968 suspicatus

298 1975 543 2085 significatione
572 1997 776 2052 occurrunt.
810 1978 911 2073 Quae
938 1973 1090 2079 suppleri
1148 1977 1232 2054 olim
1269 2005 1374 2066 sum,
1411 1979 1445 2056 iu
1482 1974 1705 2056 describenda
1744 2001 1843 2066 aera,
1871 1975 1939 2052 nisi

299 2091 405 2169 velim
436 2089 469 2166 in
510 2113 637 2198 magno
675 2087 841 2164 Buttorfii
869 2088 998 2162 Lexico
1028 2086 1091 2163 tal·
1147 2089 1242 2198 quod
1285 2091 1490 2198 praecedens
1530 2085 1564 2166 ‘n
1602 2114 1660 2166 seu
1691 2113 1718 2164 v
1747 2088 1937 2166 millenaria

299 2200 675 2280 mudico-rabbinico.
728 2199 958 2308 Corrigendus
1006 2224 1089 2308 ergo
1146 2204 1321 2296 omiserit,
1348 2229 1383 2282 et
1422 2232 1485 2311 pro
1524 2206 1651 2306 majore
1678 2201 1938 2309 computatione

298 2317 445 2394 Wollius
474 2314 562 2392 Bibl.
594 2314 692 2392 hebr.
719 2339 805 2392 tom.
833 2337 860 2389 11
891 2340 925 2419 p.
962 2317 1088 2414 1367,
1145 2345 1249 2424 quam
1287 2318 1391 2395 habet
1418 2316 1632 2427 epigraphe,
1670 2317 1837 2392 minorem
1867 2315 1939 2393 de-

294 2433 421 2536 aliique
450 2429 511 2536 qui
540 2421 666 2504 libiam
696 2452 821 2505 vocant
843 2428 957 2504 Mikrb
980 2429 1014 2502 in
1038 2428 1088 2502 iu·
1144 2433 1253 2509 derit.
1280 2439 1378 2534 Quae
1407 2454 1489 2510 tunc
1520 2429 1710 2516 habebam,
1748 2455 1787 2506 ac
1823 2456 1856 2534 p.
1887 2455 1939 2530 77

294 2546 432 2622 finitito
461 2541 545 2629 kal,
582 2549 685 2640 legere
717 2540 769 2617 vel
805 2549 904 2618 lectio
929 2547 1088 2636 parvulo,-
1145 2549 1198 2622 De
1228 2545 1324 2622 hebr.
1353 2570 1429 2656 typ.
1458 2548 1544 2654 orig·
1574 2542 1701 2652 protuli
1730 2543 1939 2649 suspicionis

294 2687 389 2746 rum,
430 2682 469 2734 ut
496 2653 717 2764 corrigendus
745 2677 796 2732 est
823 2654 1007 2763 Catalogus
1035 2653 1087 2730 bi·
1143 2684 1362 2768 argumenta,
1392 2661 1498 2766 petita
1526 2683 1571 2734 ex
1599 2655 1716 2734 seriori
1745 2679 1854 2734 aetate
1884 2656 1938 2732 si-

294 2771 487 2849 bliothecae
510 2769 823 2878 Seiigmaunianac,
840 2769 924 2846 olim
945 2774 1088 2876 Oppen·
1144 2799 1186 2850 ve
1215 2772 1372 2851 editionis
1401 2772 1499 2852 Aben
1529 2777 1654 2860 Ezrae,
1682 2794 1762 2846 curn
1781 2796 1851 2876 qua
1873 2795 1940 2846 no·

294 2885 467 2973 heimeti,
498 2884 557 2990 qul
600 2881 643 2957 ab
684 2907 826 2989 utraque
865 2909 905 2960 ac
939 2879 1087 2990 genuina
1143 2913 1211 2964 stra
1238 2887 1427 2977 consentit,
1467 2888 1538 2964 sire
1569 2886 1673 2960 Masis
1702 2881 1767 2956 ben
1800 2882 1938 2958 Charit⁷

291 2998 442 3077 lectione
473 2995 637 3073 recedens
665 2994 722 3070 fol.
756 2999 804 3072 28
838 2994 882 3089 b,
910 3022 991 3073 eum
1027 3021 1089 3102 ap-
1144 3000 1204 3108 qui
1233 3027 1309 3079 earu
1338 3023 1553 3086 correxerat,
1572 3020 1711 3105 propter
1727 2995 1936 3104 religionem

297 3113 403 3222 pellat
434 3112 547 3188 Mikra
577 3108 749 3186 dardeke.
788 3115 866 3186 Non
896 3107 1000 3185 modo
1029 3135 1089 3186 au·
1145 3117 1356 3192 eLusitania
1387 3113 1546 3222 profugi,
1569 3139 1608 3189 ea
1628 3134 1742 3196 nunc,
1763 3133 1800 3186 ut
1819 3109 1939 3217 paullo

294 3253 366 3303 tem
397 3224 485 3301 nihil
516 3223 620 3300 habet
643 3223 789 3301 Wolfius
817 3221 862 3298 de
883 3222 997 3330 lingua
1019 3247 1089 3298 ara·
1145 3253 1224 3305 ante
1252 3226 1422 3316 vidimus,
1449 3247 1681 3312 evanescunt,
1711 3247 1775 3299 uec
1804 3249 1940 3330 separa·

294 3339 395 3432 bica,
423 3338 480 3415 Sed
513 3362 546 3413 θῐ
577 3363 664 3444 <1¹¹ae
693 3336 760 3413 ⁸1¹¹>
789 3337 1007 3446 Peregrinae,
1027 3359 1086 3410 seu
1143 3367 1198 3419 tus
1239 3341 1297 3417 ille
1328 3341 1469 3432 titulus,
1507 3339 1570 3417 etsi
1612 3334 1809 3444 singularis,
1852 3337 1937 3414 tanti

296 3453 445 3564 vulgaris
485 3453 624 3528 nomine
666 3449 901 3558 intelligatur,
929 3476 997 3526 nou
1027 3475 1088 3523 no·
1143 3458 1213 3560 jam
1253 3454 1385 3533 roboris
1423 3481 1499 3542 est,
1542 3477 1580 3530 ut
1617 3450 1786 3528 infirmate
1828 3473 1935 3556 queat

295 3593 363 3660 tat,
396 3592 432 3643 ut
463 3591 533 3641 non
575 3589 670 3642 notat
712 3563 923 3672 Seiigmauni
955 3562 1088 3640 Catalo·
1144 3568 1330 3646 editionem
1360 3594 1395 3646 et
1423 3595 1534 3650 aeram
1564 3563 1701 3642 aliunde
1732 3563 1938 3642 indubiam.

293 3710 382 3788 gns,
409 3680 469 3786 qui
503 3703 673 3786 praeterea
698 3703 877 3785 perperam
897 3675 993 3752 addit
1020 3695 1087 3758 09
1143 3685 1231 3784 Quis
1258 3709 1346 3790 opus
1374 3681 1630 3791 composuerit,
1660 3680 1830 3756 incertum
1859 3702 1936 3772 est,

293 3816 341 3889 atn'
370 3815 483 3872 ranas
513 3790 583 3885 hah
613 3819 685 3868 tam
723 3797 837 3891 lingua
872 3796 995 3890 galliata
1023 3819 1090 3866 art-
1144 3823 1225 3872 eum
1265 3821 1377 3874 tamen
1416 3795 1567 3874 floruisse
1602 3816 1753 3869 exeunte
1783 3813 1854 3867 xttt
1883 3815 1937 3867 se·

294 3919 407 4006 ripun,
436 3911 536 4011 cujus
563 3931 606 3982 ea
637 3929 772 3981 tantum
801 3927 922 3981 extant
945 3903 1087 4011 vestigia
1143 3909 1247 3997 culo,
1275 3909 1431 4017 illudque
1459 3936 1513 3985 an.
1551 3932 1654 4006 1290
1675 3908 1873 3984 concinasse
1893 3929 1935 3982 ea

293 4049 330 4097 ac
362 4019 553 4110 vocabula,
582 4045 669 4125 quae
710 4020 743 4094 in
774 4044 837 4096 suo
866 4022 1089 4094 Commenta·
1144 4021 1362 4130 praefationis
1392 4021 1495 4098 verba
1525 4017 1576 4097 'la
1602 4042 1673 4097 nati
1702 4039 1818 4096 aaut)
1845 4027 1935 4094 sicut

293 4134 506 4240 rio'profert
536 4131 711 4213 larchius.
740 4132 831 4208 Male
859 4131 962 4207 etiam
992 4127 1084 4204 idem
1142 4141 1355 4212 laodicaeno
1384 4139 1437 4222 L,
1461 4133 1525 4210 sub
1553 4132 1689 4208 initium
1718 4131 1934 4206 occurrentia

292 4248 438 4324 Wolfius
466 4274 505 4324 ac
534 4247 746 4354 catalogus,
772 4241 1007 4350 Wolfiumque
1033 4267 1085 4318 se·
1142 4248 1344 4356 indigitant.
1373 4249 1514 4324 Constat
1543 4243 1650 4321 editio
1670 4242 1759 4318 soliis
1790 4244 1863 4338 78,
1893 4269 1933 4318 ac

293 4363 364 4436 cuti
395 4387 555 4437 auctores
585 4385 652 4436 non
686 4361 810 4464 pauci,
840 4384 876 4434 ιιι
906 4355 1084 4434 Marchan·
1140 4387 1272 4470 praetcr
1312 4387 1428 4437 meum
1467 4358 1644 4465 exemplar
1673 4382 1712 4432 ac
1739 4353 1931 4460 Scligman·

294 4475 359 4550 tlus
386 4481 480 4551 Ηὶιι.
509 4481 549 4548 dt
577 4475 745 4570 l'irnpthn.
779 4498 854 4580 pag.
878 4474 949 4573 83,
979 4469 1084 4546 Mait·
1107 4478 1114 4492 “
1140 4477 1280 4552 nianum
1310 4499 1403 4552 extat
1432 4499 1468 4549 ιι
1498 4472 1531 4549 in
1561 4470 1720 4546 biblioth.
1747 4473 1892 4576 Propag.

295 4588 377 4664 taire
419 4593 509 4664 Aun.
545 4611 618 4693 typ.
659 4611 741 4661 tom.
770 4611 796 4660 v
826 4611 921 4692 parte
950 4610 976 4660 tt
1006 4611 1083 4694 pag.
1451 4646 1530 4718 XX
1548 4645 1626 4718 [Η

297 4727 400 4802 537,
426 4703 534 4778 Olaus
563 4699 694 4776 Celsius
722 4699 885 4776 Biblioth·
912 4700 1082 4776 Stoltoltn.

292 4815 443 4892 Historia
475 4841 552 4922 pag.
601 4837 698 4914 195,
726 4839 765 4888 ac
792 4812 836 4888 cl.
874 4813 1083 4889 Todarinius
1212 4823 1259 4894 R.
1287 4820 1398 4892 Masis
1418 4819 1488 4916 filii
1516 4815 1635 4892 Iacchi
1662 4817 1844 4910 Kottentit
1870 4813 1932 4886 Li·

291 4935 398 5008 Dtlla
425 4936 616 5004 letteratrtra
643 4931 814 5002 tarchtsca
835 4951 920 5002 tom.
941 4951 982 5002 ιιι
1005 4951 1082 5033 pag.
1140 4935 1197 5006 dtr
1225 4935 1400 5028 mitgwdtlt
1426 4930 1532 5027 gaddi
1542 4981 1556 5014 ,
1589 4953 1645 5001 stu
1679 4949 1930 5020 praeceptarum

298 5069 346 5134 t,
381 5043 510 5120 librum
550 5040 655 5118 CPoli
696 5045 897 5146 impressum
925 5037 1084 5116 credide·
1142 5071 1308 5141 magnas,
1350 5049 1459 5118 dictat
1488 5041 1643 5136 Samtlg,
1683 5049 1717 5112 t'rt
1753 5041 1819 5134 fol.
1860 5045 1931 5112 sint

289 5181 394 5233 tunt.
420 5155 557 5232 Etenim
587 5153 678 5230 idem
707 5156 849 5231 omnino
877 5178 928 5230 ιιι
950 5155 1081 5262 ligneus
1136 5164 1232 5243 loco,
1256 5161 1314 5232 ted
1342 5163 1496 5246 Sontini,
1525 5181 1577 5228 art.
1607 5169 1780 5234 texant,
1804 5153 1930 5226 Christi

288 5296 426 5348 ornatus
465 5297 538 5376 quo
579 5267 700 5345 titulus
738 5269 956 5357 continetur,
997 5295 1076 5343 cum
1136 5288 1480 5355 mcccctatxxvtrr,
1501 5271 1609 5340 telin.
1626 5279 1933 5338 mcccctttxxrx.

287 5409 330 5459 eo
358 5384 418 5490 qui
448 5407 541 5460 extat
571 5382 605 5456 in
636 5381 856 5490 Neapolitana
886 5381 982 5458 Aben
1013 5385 1079 5457 Ea·
1220 5383 1399 5457 Rarissirna
1427 5379 1558 5464 editio,
1585 5379 1683 5478 cujus
1712 5373 1804 5449 nulla
1834 5373 1927 5479 apud

287 5523 342 5574 ιιι
371 5496 521 5575 editione
553 5495 656 5602 hujus
683 5499 791 5591 anni,
819 5497 911 5574 idem
942 5521 1078 5605 prorsus
1136 5493 1410 5582 Bartoloccium,
1447 5487 1612 5568 Wolfium
1641 5509 1842 5592 ceterosque
1876 5483 1929 5560 bi·
