5222 7090
582 4991 585 5000 '
715 5017 825 5079 tum
853 5021 877 5078 a
904 4986 1155 5081 Christianis
1186 4992 1340 5081 criticis
1360 5014 1529 5115 captum

718 715 817 772 xxa
1129 698 1487 772 orssrrrrarro
1539 644 1977 771 rnaarrnnvanrs

719 867 912 994 perfecto
934 899 1069 958 sacrae
1088 869 1255 958 criticae
1275 861 1419 974 fonte,
1446 865 1517 956 hic
1573 892 1617 958 et
1637 893 1773 973 eruta,
1791 899 2017 993 earumque
2036 899 2261 960 consensus
2277 901 2375 960 curn

717 1031 772 1090 ex
801 999 893 1090 aliis
934 999 1068 1118 iisque
1102 997 1232 1122 magis
1265 995 1518 1086 authenticis
1574 996 1900 1088 accuratioribus
1917 1029 1963 1088 ac
1986 997 2289 1090 vetustioribus
2307 1033 2379 1090 co·

716 1127 900 1253 judicat.
949 1121 1106 1214 Nonne
1150 1124 1359 1216 editiones
1403 1127 1517 1250 ipsae
1573 1121 1741 1215 dicihus
1775 1122 2016 1248 plenissime
2049 1124 2377 1218 demonstratus.

719 1289 870 1380 perse
904 1257 938 1344 si
971 1252 1271 1363 consulantur,
1314 1253 1518 1380 archety-
1574 1249 1642 1344 Ex
1686 1249 1858 1345 Judaeis
1903 1251 2091 1343 Norzius
2133 1259 2179 1345 in
2227 1258 2378 1348 critico

718 1417 868 1509 porum
902 1381 1097 1474 codicum
1118 1380 1410 1471 conditionem
1437 1416 1518 1472 ma·
1574 1381 1719 1488 Com,
1740 1382 1861 1506 quod
1886 1380 2097 1474 Minchad
2118 1385 2201 1474 scai
2224 1385 2379 1474 inscri-

718 1511 873 1604 nifeste
908 1509 1226 1602 demonstrant?
1269 1513 1419 1634 Itaque
1450 1545 1519 1601 ea·
1576 1513 1684 1637 psit,
1717 1510 1772 1600 ad
1804 1509 2013 1602 editiones
2033 1534 2195 1602 nostras
2215 1543 2271 1602 xv
2292 1544 2377 1604 sec.

717 1675 808 1732 rum
841 1667 1005 1731 textum
1039 1639 1267 1762 diligenter
1308 1644 1521 1732 examine·
1577 1671 1702 1762 saepe
1736 1639 1951 1765 appellat,
1984 1673 2108 1764 saepe
2142 1673 2197 1730 ex
2230 1644 2281 1732 iis
2312 1642 2377 1732 le-

712 1805 841 1882 mus,
874 1770 1103 1894 probemus
1133 1767 1339 1858 lectiones
1372 1768 1425 1858 ad
1448 1783 1518 1880 anf¹
1575 1770 1726 1860 ctionis
1761 1771 2001 1859 varietatem
2042 1768 2267 1894 producit,
2299 1803 2378 1860 ea-

720 1904 860 2022 tiquas
909 1900 1129 1988 versiones
1157 1900 1277 2019 quasi
1318 1898 1373 1987 ad'
1404 1899 1521 2022 lapi·
1576 1931 1666 1987 rum
1698 1901 1983 1990 auctoritatem
2017 1925 2060 1988 et
2094 1895 2223 1988 fidem
2258 1932 2378 1991 exae-

720 2029 815 2118 dem
837 2026 1024 2156 lydium,
1053 2021 1315 2116 conferamus
1335 2058 1430 2116 cum
1453 2059 1520 2115 an·
1576 2053 1678 2148 quat
1710 2029 1951 2118 auctoritati
1984 2055 2028 2118 et
2059 2024 2164 2118 fidei
2185 2056 2278 2118 mss.
2305 2060 2377 2118 co·

719 2159 852 2282 tiquis
884 2158 960 2280 qui
993 2180 1236 2280 supersunt,
1260 2153 1519 2278 codicibus,
1574 2154 1737 2262 dicum,
1770 2181 1814 2245 et
1849 2155 2019 2281 quidem
2062 2180 2220 2256 anum
2255 2189 2380 2250 accu-

720 2313 763 2375 et
797 2319 850 2376 ex
885 2318 1024 2374 earum
1055 2287 1332 2374 consensione
1365 2283 1520 2374 velidi·
1574 2288 1808 2392 raetiarum,
1840 2318 1973 2410 eaque
2005 2289 2164 2402 utitur,
2197 2319 2287 2377 non
2313 2317 2377 2376 so-

721 2416 956 2538 screpantia
995 2413 1197 2536 judicium
1232 2409 1431 2504 feramus.
1481 2415 1520 2506 Ii
1576 2411 1663 2502 lum
1712 2443 1761 2503 ut
1793 2417 2004 2504 variantes
2050 2411 2254 2505 lectiones
2296 2413 2378 2503 ho·

590 2565 592 2570 “
722 2545 834 2633 enirn
867 2542 1038 2633 codices
1075 2545 1402 2666 praestantiores
1437 2575 1522 2632 me-
1577 2541 1736 2635 diernis
1767 2569 1981 2668 opponat,
2014 2541 2088 2633 sed
2123 2569 2170 2632 ut
2202 2541 2376 2634 hodier-

715 2671 929 2795 liorisque
963 2700 1115 2774 notae,
1160 2697 1208 2760 ut
1241 2667 1345 2760 alibi
1377 2669 1522 2761 obser·
1579 2703 1652 2761 nas
1686 2677 1797 2797 ipsas
1842 2671 1929 2764 illis
1968 2670 2165 2763 emendet
2205 2704 2251 2763 ac
2284 2703 2378 2792 sup-

723 2803 948 2910 vavimus,
980 2797 1169 2891 habendi
1189 2827 1312 2909 sunt,
1332 2802 1407 2924 qui
1428 2832 1524 2924 pro·
1579 2800 1720 2922 pleat.
1770 2801 1832 2893 At
1866 2800 2001 2893 multo
2041 2798 2209 2918 plenius
2241 2829 2284 2891 et
2320 2798 2378 2889 il-

723 2927 908 3020 batiores
958 2955 1002 3018 et
1051 2929 1309 3052 antiquiores
1354 2955 1523 3019 tuentur
1576 2929 1747 3022 lustrius
1766 2932 2006 3022 reconditos
2018 2929 2377 3053 antiquarumedi·

724 3055 953 3164 lectiones,
1004 3083 1047 3146 et
1087 3089 1180 3146 cum
1233 3059 1522 3149 vetustissimis
1577 3058 1743 3149 tionum
1777 3058 1991 3150 thesauros
2019 3061 2293 3184 criticumque
2314 3091 2378 3148 ea-

727 3183 973 3276 Samaritani
992 3210 1132 3276 textus
1151 3179 1224 3275 vel
1254 3187 1521 3308 antiquorum
1577 3217 1668 3276 turn
1710 3222 1828 3278 usum
1862 3188 2059 3311 pandunt
2099 3187 2224 3279 binae
2256 3185 2379 3276 Chri·

596 3363 597 3366 κ
725 3317 1005 3437 interpretum
1035 3311 1259 3404 codicibus
1292 3315 1423 3436 magis
1455 3348 1521 3404 co·
1581 3319 1810 3407 stianorum
1843 3317 2116 3428 collationes,
2159 3350 2269 3442 quae
2302 3351 2378 3406 no-

728 3441 930 3531 haerent.
963 3438 1011 3530 Si
1041 3473 1136 3530 cum
1170 3443 1219 3530 iis
1252 3446 1526 3534 consentiunt
1583 3447 1677 3536 stris
1698 3445 1814 3535 hisce
1834 3445 1990 3537 diebus
2006 3447 2144 3536 lucem
2164 3445 2378 3550 viderunt,

731 3597 898 3660 nostrae
931 3567 1159 3674 editiones,
1181 3574 1214 3658 si
1235 3574 1433 3692 optimas,
1456 3605 1527 3660 an·
1582 3567 1917 3664 Kennicottiana
1951 3609 1998 3666 ac
2030 3603 2198 3681 nostra,
2227 3579 2272 3664 in
2291 3576 2380 3701 qui·

728 3703 899 3820 tiquas,
933 3697 1241 3821 probatissimas
1273 3729 1442 3790 servant
1470 3701 1528 3791 le·
1583 3703 1664 3793 bus
1695 3702 2000 3794 nobilissimum
2021 3735 2093 3794 eae
2112 3704 2252 3793 locum
2272 3707 2378 3794 inter
2487 3756 2492 3768 «

728 3829 916 3932 aiones,
948 3823 1174 3917 dicendum
1208 3853 1270 3917 est
1298 3861 1364 3918 eas
1384 3863 1436 3918 ex
1459 3863 1529 3920 an·
1583 3834 1831 3956 praecipuos
1863 3865 2001 3924 sactae
2035 3835 2204 3923 criticae
2238 3829 2378 3924 fontes

731 3957 861 4079 tiquis
894 3955 1118 4080 bonaeque
1151 3984 1276 4048 notae
1306 3956 1527 4050 codicibus
1583 3959 1806 4052 obtinent.
1847 3960 1990 4082 Quam
2021 3963 2220 4052 immensa
2251 3965 2296 4050 in
2331 3963 2380 4051 iis

729 4079 859 4175 fuisse
893 4082 1129 4204 derivatas.
1584 4117 1626 4180 et
1661 4089 1923 4181 incredibilis
1955 4093 2205 4216 optimarum
2246 4094 2382 4181 varia·

1584 4251 1672 4308 rum
1706 4217 1935 4310 lectionum
1984 4251 2101 4343 seges
2146 4253 2199 4308 ex
2231 4218 2381 4310 editio·

1584 4349 1706 4438 nibus
1725 4352 1876 4437 nostris
1908 4346 2186 4474 deprompta,
2216 4374 2258 4438 et
2291 4379 2382 4437 mss

1584 4475 1777 4569 codicum
1811 4479 2143 4568 notaeeximiae
2164 4503 2382 4567 veterum-

1584 4639 1670 4729 que
1703 4610 1978 4731 interpretum
2012 4609 2260 4698 auctoritate
2279 4638 2382 4697 cort·

821 4727 886 4820 At
918 4762 1023 4821 vero
1054 4732 1385 4856 experimentum
1417 4729 1530 4823 istud
1586 4734 1776 4830 firmata!
1874 4851 1878 4857 ⁴

733 4855 984 4950 faustissimo
1016 4863 1157 4952 omine
1178 4887 1267 4951 tum
1289 4893 1312 4950 a
1332 4857 1359 4955 J
1364 4860 1529 4968 udaeis,

995 4275 1040 4402 S
1092 4309 1263 4370 xx111

734 4449 867 4522 Variae.
895 4449 1073 4538 lectionum
1101 4469 1291 4520 nostrarum
1320 4451 1509 4524 editionum

966 4590 970 4595 ’
1007 4566 1230 4652 praestantia.

1854 4933 1894 5058 ὅ.
1948 4965 2110 5026 xxrv

735 5145 826 5225 est,
859 5117 1068 5209 editiones
1101 5118 1304 5227 collatae,
1329 5113 1529 5244 patefacti
1583 5107 1629 5178 Ia
1657 5110 1792 5201 egregiis
1821 5107 1990 5179 servandis
2018 5126 2086 5173 aar.
2113 5105 2187 5176 lect.
2216 5111 2358 5180 urticae.

734 5245 935 5337 uberrimi
967 5279 1104 5337 sacrae
1145 5249 1312 5338 criticae
1354 5245 1528 5354 fontes,
1680 5247 1778 5337 Nos
1810 5245 1866 5334 ab
1908 5241 2132 5336 afferendis
2178 5247 2383 5372 exemplis

734 5381 924 5466 immanis
971 5408 1020 5464 ac
1062 5379 1427 5502 praestantissima
1446 5409 1529 5466 va·
1585 5375 1933 5500 supersedemus,
1989 5372 2276 5499 lectoremque
2326 5373 2382 5466 ad

732 5506 886 5600 riarum
931 5502 1161 5631 lectionum
1200 5511 1324 5635 copia
1365 5505 1527 5598 detecta
1583 5531 1807 5632 utramque
1826 5513 1918 5596 eain
1950 5501 2221 5595 collationem
2243 5537 2384 5596 aman-
