5146 7094
855 726 1077 796 PARS
1138 725 1425 796 PRIMA

321 897 485 1006 pulorum
516 901 661 974 Gersom
692 897 752 975 filii
783 897 944 1006 sapientis
971 901 1010 972 R.
1037 901 1113 971 Mo·

318 1013 363 1088 sis
405 1012 511 1088 felicis
554 1012 764 1102 memoriae,
801 1037 846 1088 ex
883 1011 1011 1086 semiue
1050 1037 1109 1086 seu

315 1125 380 1200 filii
410 1124 534 1213 lsrael,
573 1123 638 1200 viri
681 1125 873 1205 Sonciua'tis
911 1124 1110 1216 (memoria

314 1238 397 1342 justi
422 1239 471 1315 sit
512 1237 546 1312 in
576 1236 847 1338 benedictione)
876 1290 921 1326 „.
965 1241 1017 1311 Ex
1045 1263 1111 1343 po-

315 1375 443 1428 strema
473 1348 539 1428 hac
568 1349 652 1462 sigla
682 1353 822 1431 honoris
850 1349 1005 1428 defuncti
1036 1377 1107 1427 rue-

313 1465 443 1542 moriae
472 1489 668 1544 consecrata
698 1491 792 1574 patet
821 1470 1012 1542 Getsonem
1043 1491 1104 1540 uo·

313 1579 407 1656 mine
436 1587 573 1655 remittis
598 1586 726 1669 Israel,
753 1577 848 1688 quod
870 1581 969 1656 toties
986 1578 1017 1654 iu
1035 1579 1104 1656 suis

312 1692 510 1801 epigraphis
539 1694 687 1799 repetit,
725 1694 883 1770 Israelem
914 1690 1103 1770 Nathnnem

1827 741 1960 820 '99

1171 895 1282 974 uerbis
1321 896 1578 1006 distinguuntur
1620 895 1809 1002 majoribus
1836 897 1960 974 litteris

1169 1010 1327 1087 excusis.
1357 1013 1500 1120 Paginae
1530 1016 1701 1122 integrae,
1733 1011 1872 1086 Psalmis
1902 1039 1962 1088 ex·

1170 1126 1302 1232 ceptis,
1331 1125 1391 1229 qui
1411 1127 1444 1200 in
1464 1123 1562 1202 binas
1590 1125 1768 1202 columnas
1797 1123 1962 1202 dividuu-

1170 1261 1251 1324 tur,
1280 1236 1387 1314 titulis
1432 1239 1638 1331 instructae,
1673 1265 1712 1314 ac
1751 1237 1848 1314 lineis
1881 1242 1960 1315 26.

1165 1349 1348 1426 Chatacter
1378 1351 1490 1429 minor
1533 1379 1614 1430 curn
1660 1351 1796 1460 punctis
1827 1375 1861 1427 et
1891 1379 1960 1430 ac·-

1162 1463 1339 1554 centibuS‚
1367 1463 1460 1540 idem
1490 1492 1561 1573 quo
1593 1465 1746 1571 impressi
1774 1490 1853 1542 sunt
1886 1464 1961 1543 bini

1163 1576 1407 1681 praecedentes
1431 1580 1675 1668 Pentateuchi,
1707 1579 1742 1654 in
1772 1578 1824 1654 his
1844 1605 1961 1656 tamen

1162 1688 1325 1778 nitidior,
1355 1692 1388 1766 in
1418 1691 1536 1769 Bihliis
1565 1691 1691 1768 nostris
1711 1719 1773 1769 usu
1795 1691 1962 1772 detritus.

314 1809 419 1883 Musis
450 1831 580 1912 patrem
611 1833 645 1882 et
675 1832 778 1882 avum
808 1835 908 1895 suum
939 1804 1103 1912 intellige·
1160 1803 1264 1880 Linea
1294 1804 1401 1911 raphe
1427 1831 1610 1883 consuetae
1639 1804 1773 1882 litterae
1801 1833 1871 1882 uon
1899 1807 1958 1884 de·

314 1947 371 2010 re,
401 1921 561 2026 idemque
589 1946 674 1997 esse·
691 1947 730 1998 ac
758 1941 790 2016 tn
816 1947 876 1997 seu
904 1919 964 1995 filii
996 1923 1104 1995 lsrae—
1160 1918 1359 2026 signantur,
1387 1919 1453 1994 Dei
1475 1921 1612 1996 uomina
1634 1921 1868 2026 superstitiose
1884 1919 1959 1996 ubi·

313 2034 375 2108 lis.
417 2035 499 2110 Dies
528 2059 644 2110 autern
678 2059 731 2110 vrr
761 2033 877 2112 tebeth
919 2031 1038 2111 incidit
1068 2033 1102 2108 iu
1160 2057 1230 2136 que
1259 2057 1322 2138 per
1350 2029 1574 2123 daleth,seu
1598 2059 1658 2141 per
1686 2053 1756 2111 *tm*
1784 2031 1958 2112 etzrrltt

313 2147 417 2222 finem
450 2146 641 2224 decembris
672 2148 777 2226 nostri
805 2147 1016 2225 decurrentis
1044 2145 1104 2223 atl-

315 2265 383 2338 huc
413 2260 588 2338 christiani
618 2265 697 2338 anni
735 2289 860 2364 1493,
886 2259 1033 2365 ideoque
1061 2259 1103 2336 ad

312 2373 406 2452 huuc
449 2364 578 2451 aunum
624 2400 674 2452 est
717 2373 930 2452 amandanda
973 2371 1104 2463 editio,

313 2514 382 2562 uon
413 2485 455 2563 ad
506 2514 634 2586 1494,
679 2515 715 2565 ut
757 2489 946 2566 Bisciouius
975 2512 1106 2590 nosque

313 2603 378 2708 ipsi
407 2623 507 2677 antea
538 2601 702 2694 fecimus,
744 2602 968 2707 feceruntque
997 2625 1106 2705 quot-

1160 2144 1374 2233 efferuntur,
1410 2147 1486 2223 lteri
1530 2148 1564 2224 in
1597 2153 1732 2224 textum
1764 2145 1957 2253 recipitur,

1160 2281 1187 2332 v
1216 2259 1425 2368 Meghillbth
1455 2287 1514 2339 seu
1536 2288 1629 2338 sacra
1658 2259 1828 2337 festorum
1853 2260 1961 2338 Volu-

1162 2373 1254 2449 mina
1290 2399 1391 2449 suum
1437 2399 1515 2482 post
1562 2374 1857 2464 pentateuchum,
1887 2401 1959 2453 non

1163 2487 1251 2563 inter
1280 2489 1521 2596 Agiographa,
1551 2488 1669 2567 locum
1692 2511 1886 2594 occupant,
1907 2489 1960 2566 bi·

1163 2601 1268 2706 nique
1314 2603 1507 2692 Samuelis,
1546 2608 1706 2712 Regum,
1745 2602 1872 2678 Esdrae
1898 2618 1959 2679 'ac

312 2739 399 2821 quot
428 2739 508 2822 post
538 2738 601 2791 nos
629 2741 703 2791 eam
734 2741 998 2794 recensuerunt·
1162 2711 1349 2791 Nehemiae
1377 2741 1411 2792 et
1440 2717 1728 2824 Paralipomenon
1757 2715 1838 2792 libri
1873 2715 1960 2790 uni-

1161 2855 1241 2904 cum
1272 2852 1433 2917 tantum,
1475 2855 1512 2906 ut
1551 2832 1584 2905 iu
1617 2855 1697 2905 mss·
1738 2853 1775 2905 et
1805 2828 1959 2933 antiquis

1104 2968 1111 2986 ·
1166 2941 1239 3018 aliis
1256 2941 1481 3032 editionibus,
1502 2943 1629 3021 librum
1648 2942 1853 3020 conficiunt.
1883 2943 1958 3019 Sub

1162 3056 1268 3132 'linem
1311 3055 1516 3146 voluminis,
1556 3055 1652 3164 quod
1694 3055 1785 3133 foliis
1825 3079 1959 3132 constat

1167 3171 1270 3268 585,
1299 3193 1453 3277 separato
1491 3168 1575 3246 folio
1603 3167 1696 3278 quod
1727 3167 1957 3278 epigraphem

398 3289 521 3370 Bibh‘a
550 3293 676 3384 integra
705 3313 780 3361 cum
816 3294 950 3382 punctis
986 3309 1019 3358 et
1047 3313 1107 3360 ac·
1163 3284 1345 3372 continet,
1389 3283 1562 3391 praecedit
1605 3285 1753 3390 primum
1811 3280 1956 3390 quidam

311 3405 488 3488 tentibus,
532 3407 565 3473 itt
608 3401 641 3473 8.
684 3405 828 3477 Brixiae
870 3429 922 3474 au.
964 3418 1104 3485 ccclv,
1160 3397 1372 3504 rhythmus,
1413 3395 1549 3504 inquo
1588 3402 1722 3475 Gersou
1756 3397 1844 3472 filius
1876 3401 1977 3490 Μο-Ι

212 3601 217 3612 ,
313 3516 435 3590 Christi·
465 3531 696 3590 mccccxcw.
1161 3515 1226 3600 sis,
1265 3511 1325 3620 qui
1369 3537 1404 3588 se
1434 3511 1585 3618 appellat
1626 3535 1706 3590 otor
1751 3533 1817 3593 :tt
1847 3531 1957 3605 paron

385 3624 490 3726 Quod
521 3627 563 3700 ad
594 3627 878 3705 celebratissimae
908 3627 1010 3730 hujus
1030 3625 1103 3702 etli·
1160 3645 1240 3702 't‘rtn
1280 3640 1505 3722 impressorem
1544 3631 1820 3724 typographicam
1863 3629 1957 3697 velo-

308 3737 415 3814 tiouis
446 3738 590 3814 formam
620 3741 760 3830 attiuct,
788 3767 863 3815 eam
901 3739 936 3814 iu
968 3774 1005 3848 4.
1033 3765 1103 3816 esse
1161 3770 1254 3828 cem,
1291 3740 1359 3828 ait,
1391 3767 1499 3845 quum
1533 3741 1663 3816 videret
1694 3739 1741 3814 ob
1770 3738 1864 3814 exilii
1895 3763 1957 3814 ca-

312 3852 432 3928 stntuit
470 3851 655 3929 Scabtaeus
683 3854 716 3929 iu
746 3853 849 3932 Scilte
877 3855 1039 3955 jescenhn
1072 3881 1107 3960 p.
1162 3853 1327 3928 lumitatcs
1357 3853 1391 3927 iu
1422 3853 1633 3930 oblivionem
1680 3853 1798 3930 venire
1844 3851 1956 3957 legem

316 3967 390 4061 84,
423 3961 506 4040 idest
537 3967 570 4040 in
602 3995 639 4060 4.
678 3967 825 4055 minori,
854 3967 950 4072 quod
980 3992 1014 4041 et
1044 3993 1105 4042 nos
1162 3993 1224 4042 nec
1264 3991 1335 4042 esse
1365 3969 1426 4070 qui
1468 3993 1543 4042 eam
1586 3969 1699 4074 legat,
1739 3991 1797 4042 aut
1826 3965 1874 4040 ob
1905 3964 1957 4038 iu·

312 4077 396 4153 olim
429 4077 674 4185 praetulimus.
703 4086 789 4157 Sunt
811 4079 903 4154 enim
926 4079 1105 4186 exempla,
1162 4105 1280 4185 gentes
1309 4105 1467 4184 sumptus
1496 4080 1558 4155 sibi
1588 4105 1787 4186 comparet,
1816 4105 1851 4154 se
1879 4077 1956 4185 qui·

311 4217 400 4297 quae
431 4191 478 4267 ob
518 4192 689 4300 integrum
720 4217 755 4270 et
799 4191 953 4300 amplum
985 4193 1107 4300 margi·
1163 4193 1244 4267 dem
1274 4192 1396 4266 minori
1437 4192 1501 4266 hac
1530 4191 1640 4268 forma
1681 4193 1830 4298 integros
1858 4214 1954 4264 xxiv

312 4302 656 4380 ucrueamformom
686 4305 848 4382 videntur
878 4305 1106 4412 praeseferre.
1161 4305 1268 4380 libros
1316 4331 1395 4380 cum
1452 4307 1587 4410 punctis
1628 4329 1660 4380 et
1707 4301 1954 4379 correctissime

311 4418 378 4495 Sed
410 4441 459 4494 est
492 4418 525 4492 in
562 4443 711 4509 octavo,
740 4443 890 4526 octoque
919 4419 1010 4495 foliis
1033 4445 1106 4494 rea·
1161 4417 1311 4494 edendos
1341 4422 1548 4526 suscepisse.
1576 4419 1856 4526 Interpositisquc
1874 4439 1954 4490 octo

311 4555 371 4640 pse
393 4531 794 4610 communiterconstant
812 4532 990 4642 plagulae.
1007 4539 1105 4640 Opus
1164 4533 1279 4620 lineis,
1310 4531 1342 4605 iu
1373 4533 1499 4637 quihus
1529 4531 1651 4608 iterum
1680 4531 1724 4610 de
1751 4531 1868 4606 misera
1887 4527 1952 4606 hac

313 4643 512 4721 immediate
556 4645 676 4753 incipit
717 4674 736 4723 a
778 4649 891 4752 primo
931 4652 1106 4724 Geueseos
1164 4673 1305 4722 suorum
1326 4645 1522 4722 conditione
1537 4647 1779 4752 conqueritur,
1809 4669 1955 4751 sequen·

311 4759 443 4866 capite,
472 4757 596 4835 omissa
616 4759 726 4867 prima
756 4759 906 4838 dictione
935 4745 1106 4849 neuma,
1162 4761 1209 4836 tia
1240 4759 1377 4836 subdit:
1407 4782 1486 4838 rtem
1524 4757 1600 4837 t'rm
1630 4781 1672 4854 tn«
1689 4756 1801 4838 εἰιιιιι
1828 4780 1877 4834 nu
1905 4758 1955 4852 ιε’)

312 4873 370 4950 sed
402 4871 613 4978 amplissimo
652 4874 771 4952 relicto
799 4877 935 4983 spatio,
964 4902 1034 4979 quo
1065 4873 1105 4948 li·
1161 4897 1223 4954 ttttt
1267 4872 1385 4968 pisato
1427 4865 1498 4952 'trba
1546 4893 1619 4950 ”tm
1656 4897 1728 4952 :att
1772 4897 1845 4952 'taut
1890 4869 1955 4952 l'st

311 5012 402 5097 gneo
440 4985 509 5092 ipsa
554 4984 682 5062 includi
726 5012 875 5082 ornatu,
918 4988 1104 5093 majoribus
1160 5011 1232 5067 aaut
1254 4987 1294 5072 'tn
1324 5011 1434 5066 *urant
1462 5040 1472 5061 .
1501 5009 1580 5066 *nno
1607 5007 1687 5064 rnna
1715 5007 1952 5066 *maturarint

309 5123 469 5208 expressa
497 5097 697 5190 elementis,
739 5101 794 5178 nel
837 5129 940 5180 mauu
972 5102 1103 5178 minio·
1162 5123 1258 5185 nant
1287 5124 1354 5178 turc
1382 5099 1487 5181 taath
1517 5157 1525 5176 .
1550 5093 1599 5176 ‘ab
1627 5099 1739 5182 ruteni
1766 5121 1817 5181 ml
1851 5099 1951 5180 Atel

309 5240 378 5320 que
410 5213 503 5322 pingi
536 5211 705 5292 debebat.
747 5215 854 5316 Quod
891 5217 994 5292 etiam
1036 5214 1111 5291 sub
1158 5237 1259 5300 statut
1295 5239 1445 5300 z'ntttttrt
1483 5239 1549 5294 nno
1588 5235 1703 5308 ptprtttt
1744 5235 1838 5290 murt
1873 5235 1955 5292 tenth

310 5327 445 5404 initium
479 5327 625 5405 aliorum
668 5328 834 5407 librorum
876 5326 1100 5406 Pentateuchi
1159 5329 1231 5408 mlh
1261 5353 1342 5409 ntra
1369 5329 1409 5408 ln
1449 5327 1514 5409 heu
1541 5347 1612 5405 :tre
1648 5323 1728 5418 tuni
1757 5345 1813 5420 rep
1841 5347 1952 5404 nina:

312 5440 443 5517 factum
473 5465 545 5516 est.
574 5441 709 5546 Reliqui
740 5442 840 5533 libri,
870 5467 907 5520 ut
935 5467 970 5518 et
1000 5441 1106 5547 ipsius
1163 5441 1224 5520 ul:
1261 5465 1352 5519 utne
1380 5465 1469 5526 nanu
1496 5441 1543 5534 th
1585 5437 1639 5514 ult
1667 5460 1698 5515 r:
1737 5437 1836 5517 nurt'r
1875 5463 1952 5517 tntu

313 5553 540 5632 Pentateuchi
581 5557 768 5648 sectiones,
794 5557 890 5650 ‚solis
919 5555 1107 5636 initialibus
1164 5579 1309 5653 stupri
1348 5577 1453 5635 imur:
1483 5577 1515 5632 ta
1543 5575 1619 5649 tropi
1657 5550 1734 5630 hats
1771 5573 1843 5662 rtm
1871 5573 1953 5630 nim

541 2944 911 3025 MCCCCXCIV

614 3119 805 3193 XLVIII
849 3193 852 3198 .
