5222 7090
827 661 1384 732 ¹Pansearua
1685 647 1696 652 “
1912 681 1959 759 ῃ

320 829 413 914 tibus
443 835 632 944 stipatam.
661 840 715 910 De
743 832 903 911 Psalterio
925 859 1026 939 supra
1046 831 1119 937 egi·
1176 831 1291 909 videat
1319 857 1433 908 semen
1465 831 1717 941 prolongetque
1746 831 1819 908 dies
1847 843 1964 933 suos)

320 973 427 1042 mus,
455 948 500 1025 de
529 948 723 1026 Proverbiis
752 973 892 1055 agemus
929 948 1017 1022 inter
1042 945 1120 1020 edi·
1176 946 1236 1020 filii
1265 945 1397 1022 domini
1439 950 1541 1052 patris
1581 948 1650 1022 mei
1689 948 1858 1024 Samuelis
1893 953 1967 1031 rto,

321 1065 432 1138 tiones
463 1087 554 1138 anno
598 1061 803 1148 destitutas,
845 1085 936 1134 nunc
966 1059 1009 1134 de
1039 1057 1120 1134 teli·
1177 1061 1267 1161 mani
1289 1059 1966 1164 piaememoriae.Placeatjarn(Deo)

320 1174 425 1281 quis.
470 1179 600 1250 Eorum
631 1201 754 1282 agmen
784 1172 881 1249 ducit
910 1173 1036 1257 Iobus,
1063 1171 1121 1246 cui
1179 1196 1216 1247 ut
1248 1174 1361 1248 ueniat
1399 1171 1488 1247 filius
1517 1170 1729 1275 dejectorum
1771 1173 1814 1249 ad
1845 1201 1967 1262 eruens

320 1287 375 1364 alii
405 1286 595 1364 succedunt
625 1287 701 1364 libri
731 1313 774 1362 eo
802 1285 944 1373 ordine,
984 1311 1056 1392 quo
1084 1287 1118 1359 in
1175 1283 1261 1361 dum
1290 1284 1460 1392 populum
1490 1312 1615 1376 suum,
1644 1287 1705 1393 qui
1735 1287 1889 1364 residuus
1912 1311 1968 1364 est

321 1401 427 1478 titulo
458 1400 657 1478 retulimus.
703 1407 837 1478 Textus
876 1425 969 1474 sacer
998 1399 1120 1473 chara·
1177 1423 1254 1503 post
1282 1397 1404 1474 caedes
1433 1398 1645 1486 occisorum,
1673 1401 1742 1476 cito
1784 1425 1819 1476 et
1850 1402 1969 1506 proxi·

320 1539 412 1590 crete
441 1540 602 1591 exaratus
630 1539 681 1590 est
711 1513 879 1620 quadrato
920 1537 1000 1588 cum
1032 1537 1120 1617 pun·
1178 1537 1255 1588 rne.
1295 1517 1406 1586 Arnen
1435 1536 1535 1586 amen
1563 1564 1614 1602 „.
1655 1514 1800 1588 Nomine
1831 1511 1967 1620 *barna

324 1630 408 1713 ctis,
435 1627 561 1703 eodem
591 1655 663 1733 qno
692 1625 845 1717 Psalmi,
873 1623 1120 1700 Commentarii
1175 1650 1236 1700 seu
1261 1630 1329 1717 filii
1357 1630 1556 1722 dejectorum
1580 1624 1781 1732 intelligitur
1806 1629 1968 1720 Messias,
2070 1713 2079 1723 ,

325 1741 531 1818 rabbinico.
584 1741 716 1817 Primae
755 1740 925 1817 dictiones
965 1737 1040 1820 lobi
1081 1762 1120 1814 ac
1176 1738 1293 1844 sicque
1323 1763 1469 1814 vocatur
1499 1737 1533 1810 in
1576 1763 1672 1814 tract.
1702 1737 1871 1814 Sahedrin
1908 1739 1969 1816 fol.

324 1856 457 1930 Cantici
502 1857 712 1932 canticorum
757 1850 951 1958 majusculis
1001 1850 1121 1927 litteris
1178 1854 1252 1950 96.
1297 1853 1481 1956 Copiosam
1521 1874 1556 1926 et
1595 1853 1763 1960 insignem
1812 1854 1845 1928 in
1875 1854 1968 1930 hisce

325 1991 405 2042 sunt
447 1993 650 2073 expressae,
686 1968 881 2074 ligneaque
911 1965 1029 2042 tabula
1066 1962 1122 2040 rel
1177 1965 1408 2072 Agiogtaphis
1436 1964 1562 2040 servari
1585 1966 1753 2044 variarum
1775 1965 1966 2043 lectionum

327 2107 447 2156 ornatu
494 2084 652 2160 clausae.
704 2081 876 2162 Volumen
924 2105 999 2176 ¹50
1038 2074 1121 2152 folia
1177 2103 1326 2186 segetem
1376 2081 1444 2181 jam
1486 2104 1587 2184 supra
1637 2079 1969 2156 animadvertimus.

325 2197 502 2284 continet,
541 2222 690 2301 quorum
736 2198 787 2292 48
838 2193 902 2276 lob
946 2216 1120 2296 occupat,
1178 2191 1280 2266 Addo
1319 2192 1354 2266 in
1396 2192 1435 2267 iis
1463 2189 1635 2268 servandis
1673 2192 1860 2300 aliquando
1898 2219 1969 2268 esse

327 2309 510 2384 Canticum
543 2311 590 2398 8,
620 2310 838 2385 Ecclesiastes
875 2333 945 2394 ιο,
987 2304 1119 2381 Tltreni
1178 2307 1276 2380 unica
1306 2304 1393 2380 inter
1422 2303 1615 2380 editiones.
1644 2307 1732 2383 Vide
1763 2308 1827 2389 lob
1858 2331 1898 2382 tv
1922 2311 1972 2394 6,

325 2451 376 2515 4,
406 2447 475 2496 non
508 2447 554 2516 5,
586 2448 621 2496 ut
652 2425 765 2498 asserit
788 2420 935 2496 Wolfrus
966 2444 1050 2494 tom.
1079 2441 1119 2492 ιιι
1177 2422 1207 2492 II
1236 2419 1380 2524 Paralip.
1409 2441 1492 2494 xxv
1525 2421 1574 2492 26
1594 2443 1629 2494 et
1652 2424 1725 2510 28,
1757 2445 1881 2497 xxvnt
1921 2447 1965 2520 ¹9

325 2559 405 2638 pag.
437 2536 545 2620 881,
573 2532 668 2609 Ruth
703 2560 739 2636 3,
768 2533 889 2608 Esther
923 2557 969 2630 5,
996 2529 1120 2606 Daniel
1177 2556 1211 2605 et
1240 2555 1368 2607 xxxvi
1401 2557 1476 2632 23.
1514 2531 1641 2607 Eadem
1676 2533 1709 2608 in
1740 2539 1968 2610 Commenta-

334 2671 409 2747 13,
447 2645 570 2722 Esdras
619 2671 686 2746 19,
710 2649 795 2724 'non
843 2671 915 2734 12,
956 2667 993 2720 ut
1034 2643 1120 2718 falso
1177 2643 1233 2720 riis
1265 2647 1424 2720 varietas.
1467 2647 1725 2722 Commentario
1764 2649 1839 2730 lobi
1881 2651 1973 2724 Get·

325 2759 450 2836 iterum
480 2785 575 2836 notat
607 2759 700 2838 idem
743 2759 910 2848 Wolfius,
950 2757 1122 2864 Paralipo·
1177 2755 1303 2832 sonidis
1333 2758 1500 2864 praefatio
1545 2761 1792 2864 praemittitur,
1822 2759 1882 2836 sed
1914 2787 1970 2836 re-

325 2895 426 2949 meua
457 2901 533 2968 4ο.
869 2921 871 2926 <
1051 2905 1097 2960 a
1177 2869 1262 2976 liqui
1291 2897 1371 2948 sunt
1411 2873 1597 2977 anonymi,
1636 2900 1724 2980 quos
1755 2897 1867 2949 tamen
1899 2869 1981 2948 fere'

409 2986 597 3062 Nehemiae
640 2987 728 3064 libet
770 2989 804 3064 in
844 2985 911 3064 hac
947 2983 1121 3074 editione,
1177 3009 1299 3060 omnes
1336 2984 1460 3066 larcltii
1499 3009 1570 3061 esse
1598 3011 1643 3061 ert
1672 2991 1745 3088 ejus
1784 2985 1969 3063 collatione

328 3121 365 3176 ut
397 3099 431 3175 in
473 3127 552 3192 mss.
589 3099 647 3189 fit,
684 3127 764 3176 cum
805 3099 911 3178 Estlra
940 3100 1120 3178 connecti·
1178 3096 1276 3173 facile
1294 3100 1446 3174 eruitur.
1475 3100 1605 3174 Unicus
1621 3098 1848 3205 excipiendus
1867 3104 1971 3174 Com·

328 3237 405 3302 tur,
445 3241 508 3289 nec
537 3214 793 3320 Paralipomena
825 3216 859 3291 in
891 3215 988 3291 binos
1015 3213 1119 3290 libros
1177 3211 1363 3288 mentarius
1391 3212 1634 3300 Thtenotnm,
1659 3239 1764 3319 quem
1795 3239 1867 3288 non
1897 3218 1972 3293 lat-

326 3325 558 3416 dividnntur,
599 3328 731 3436 hacque
781 3327 974 3435 expliciunt
1016 3353 1119 3402 nota:
1176 3324 1266 3416 chii,
1296 3348 1333 3400 ut
1356 3323 1535 3431 hucusque
1556 3324 1792 3402 existimatum
1811 3350 1886 3415 est,
1909 3325 1971 3402 sed

330 3435 384 3514 aar
414 3463 480 3518 mn
522 3437 646 3520 raham
676 3463 792 3522 rann
830 3439 861 3517 tl>
899 3463 971 3520 nats
1010 3461 1121 3518 nanae
1176 3442 1216 3513 R.
1246 3437 1386 3545 losephi
1427 3443 1535 3515 Karae
1574 3461 1648 3516 esse·
1687 3436 1883 3546 colligimus
1925 3465 1972 3514 etr

332 3575 390 3628 ort*
418 3549 467 3630 ba
506 3552 653 3632 sambra
696 3552 757 3633 ¹222
797 3543 919 3634 :ham
951 3573 1119 3630 innume:
1176 3549 1294 3628 codice
1333 3575 1453 3627 nostro
1492 3553 1600 3649 456,
1644 3555 1792 3629 auctoris
1836 3553 1967 3630 Wolfio

334 3687 394 3742 ιιι-ι
413 3687 486 3743 attan
507 3663 594 3744 'abab
623 3689 686 3760 tnta
713 3668 757 3744 thr
784 3669 863 3748 trba
891 3687 936 3760 rte
956 3688 988 3743 ³2>
1018 3663 1119 3743 trtbtth
1177 3666 1284 3771 ignoti
1315 3663 1549 3772 pudendoque
1571 3667 1834 3742 anachronismo
1862 3667 1907 3742 ab
1928 3693 1971 3766 eo

327 3773 416 3875 'ttprr
439 3777 557 3856 anain
579 3779 719 3858 nanbnrt
747 3778 895 3860 :bona
921 3779 968 3857 nb
993 3797 1119 3861 ranna
1176 3778 1309 3854 confusi
1347 3806 1430 3855 cum
1465 3783 1504 3854 R.
1534 3779 1660 3884 loseph
1696 3784 1789 3856 Kato
1818 3806 1971 3886 quatuor·

328 3888 393 3969 ‘mr
429 3915 525 3968 ratu
563 3915 719 3969 :mmm
760 3917 835 3972 rma
874 3893 966 3972 tortia
993 3913 1119 3974 natum
1175 3891 1310 3968 circiter
1339 3891 1461 3968 seculis
1499 3893 1706 3999 posteriore.
1747 3894 1847 3968 Confi
1879 3893 1972 3968 dicta

331 4001 441 4082 baanna
471 4026 512 4078 ἰ’
553 4006 596 4086 aa
631 4003 735 4084 *biom
774 4029 870 4084 anna
898 4027 993 4084 *nnn
1034 4001 1119 4104 abab
1176 4003 1218 4080 ad
1248 4003 1326 4079 cod.
1364 4005 1518 4082 nostrum
1553 4032 1650 4102 255.
1692 4007 1973 4082 Commentarius

329 4139 375 4193 Τι’
403 4115 469 4194 hs't
509 4139 617 4194 norm
652 4115 765 4196 hattona
801 4139 855 4198 ’att
882 4120 958 4196 n'na
986 4139 1018 4196 ta
1045 4116 1120 4194 aab
1175 4117 1462 4224 Paralipomenon
1502 4116 1639 4194 videtur
1677 4119 1842 4199 larchiani
1874 4145 1975 4202 com,-

330 4252 428 4307 ''tna't
469 4228 576 4312 attauh
614 4229 708 4326 prael>
749 4231 816 4310 'hm
855 4254 895 4309 *b
932 4253 1000 4309 ’n’t
1042 4252 1119 4312 matt
1177 4229 1365 4338 pendium,
1395 4231 1448 4307 vel
1478 4231 1678 4313 Jatcltianus
1709 4232 1780 4338 ipse
1810 4231 1854 4305 ab
1884 4258 1969 4307 anos

330 4365 403 4437 pam
432 4365 491 4436 ma
528 4365 600 4440 anp
630 4367 710 4435 aaran
741 4343 845 4428 esraa
883 4345 1013 4442 'hoptm
1043 4345 1119 4441 *lup
1178 4345 1274 4420 nimo
1302 4343 1541 4423 abbreviatus.

331 4510 353 4544 „
382 4455 555 4533 Laudeiur
583 4457 611 4532 is
639 4463 695 4534 cui
725 4460 891 4536 convenit
930 4461 1030 4548 laus,
1058 4460 1120 4565 qui
1522 4517 1631 4590 XIX

335 4596 422 4646 nnus
450 4595 520 4658 est,
549 4569 607 4648 sed
639 4597 708 4646 non
736 4572 926 4649 secundnm
952 4574 1119 4648 unitatem

335 4709 515 4772 nostram,
558 4683 729 4789 perlectus
768 4685 968 4763 omnimoda
1011 4686 1122 4793 perfe-
1263 4689 1310 4760 R.
1348 4689 1468 4762 Jacob
1498 4689 1558 4760 bert
1595 4690 1702 4761 Asclr
1740 4687 1821 4760 Iota
1858 4689 1942 4760 deltd
1958 4739 1974 4774 ,

334 4797 473 4886 ctione,
514 4796 641 4900 absque
683 4798 749 4872 nlla
796 4800 949 4907 prosapia
991 4825 1121 4902 praeter
1178 4826 1234 4872 stu
1262 4818 1298 4872 ιι
1325 4804 1403 4873 ordo
1435 4803 1526 4874 Arta
1554 4802 1679 4886 turim,
1705 4800 1771 4894 fol.
1809 4808 1844 4872 t'tt
1873 4804 1975 4876 near

334 4934 444 5001 eum,
474 4911 636 5014 quoniam
667 4910 751 4986 nihil
781 4939 829 4988 est
859 4913 932 4989 sine
961 4909 1039 4988 illo.
1068 4917 1125 5018 lp·
1180 4941 1233 4986 aa.
1262 4931 1439 4999 scurra,
1475 4919 1548 4991 Chr.
1579 4931 1905 4988 mcccclxxxrrr.

333 5026 359 5098 si
402 5022 491 5100 dabo
541 5023 713 5129 gloriam,
751 5028 811 5130 qui
849 5026 1034 5103 auxiliatus
1073 5049 1125 5102 est
1267 5029 1386 5132 lgnota
1431 5025 1517 5102 baec
1544 5027 1652 5103 editio
1683 5027 1800 5132 paucis
1844 5023 1972 5100 abhinc

334 5163 423 5223 nos,
456 5160 492 5212 nt
525 5138 763 5242 perficeremus
792 5166 902 5245 opus,
930 5166 1017 5246 opus
1047 5165 1127 5216 san·
1184 5139 1278 5214 annis
1300 5165 1318 5214 a
1340 5165 1394 5212 me
1424 5165 1574 5245 reperta,
1603 5139 1732 5225 forma,
1763 5139 1858 5244 typis
1877 5164 1915 5210 ac
1937 5137 1971 5224 in

333 5275 447 5337 ctum,
479 5249 535 5323 die
566 5274 608 5326 ιιι
640 5251 763 5327 mensis
788 5251 928 5328 ettanim
952 5257 1127 5356 (septem-
1184 5252 1303 5326 ceteris
1332 5251 1493 5328 omnibus
1521 5253 1679 5360 congruit
1708 5275 1788 5324 cum
1819 5249 1971 5324 editione

334 5363 438 5456 bris)
470 5387 559 5436 anno
594 5390 670 5460 247
701 5365 788 5438 sexti
820 5368 996 5442 millenarii
1018 5369 1050 5440 in
1075 5393 1128 5439 ur·
1186 5365 1287 5469 primi
1310 5365 1441 5444 ordinis
1458 5365 1573 5440 Otach
1595 5362 1720 5439 cltaiim
1743 5361 1823 5436 anni
1853 5365 1974 5454 1485,

333 5475 378 5549 be
409 5475 570 5582 Neapolis
600 5503 661 5584 pet
692 5503 812 5554 manus
841 5481 1009 5558 Samuelis
1037 5477 1128 5583 (qui
1183 5502 1288 5582 quem
1336 5478 1448 5554 solum
1493 5477 1596 5552 fuisse
1640 5477 1842 5579 impressum
1887 5473 1973 5548 oiim
