5146 7094
796 672 1023 744 PARS
1074 672 1489 746 SECUNDA

317 849 487 936 occurrit,
526 872 614 955 quae
656 870 833 952 comparet
872 844 938 922 sub
974 842 1109 920 initium

316 960 486 1037 Samuelis
516 961 550 1036 in
581 959 698 1036 Bibliis
741 961 889 1064 antiquis
916 959 989 1034 siue
1019 983 1110 1036 anno

316 1092 351 1146 rt
379 1073 480 1161 loco,
509 1071 568 1149 secl
597 1071 742 1179 Neapoli
772 1071 885 1149 editis.

398 1185 642 1263 Dubitandum
681 1210 762 1294 ergo
800 1211 868 1262 non
913 1208 985 1275 est,
1024 1184 1110 1290 quin

314 1300 458 1404 Neapoli
490 1299 574 1376 haec
612 1297 720 1376 editio
750 1298 934 1404 prodierit,
963 1297 1020 1374 cui
1050 1296 1113 1373 fu-

315 1435 371 1485 sus
402 1413 553 1518 primum
584 1414 699 1520 operis
728 1411 863 1504 index,
891 1410 1016 1498 deinde
1046 1436 1115 1488 ve·

314 1547 353 1595 ro
386 1525 477 1600 varia
510 1527 732 1610 rabbinorum
751 1529 824 1629 ejus
842 1526 960 1600 aetatis
981 1525 1015 1598 in
1036 1531 1111 1628 ejus

316 1632 453 1713 laudem
485 1639 682 1714 testimonia
710 1637 874 1742 fusaeque
904 1636 1010 1742 ipsius
1039 1663 1112 1712 au-

317 1753 420 1825 ctoris
449 1751 707 1829 emendationes
735 1749 939 1827 mendorum
968 1749 1112 1854 quaein

314 1861 504 1938 editionem
533 1867 640 1972 ipsam
668 1865 896 1968 irrepserant,
924 1861 1113 1963 subjiciun-

313 1998 392 2066 tur,
423 2003 510 2080 quas
548 1975 686 2052 tandem
727 1976 822 2054 Visio
861 1973 917 2050 illa
954 1973 1108 2080 excipit,

310 2115 418 2192 quam
445 2089 544 2196 lingit
571 2087 835 2196 quadragesimo
863 2112 953 2164 anno
975 2086 1059 2164 feria
1083 2111 1108 2162 v

311 2200 370 2276 die
401 2204 527 2278 mensis
554 2227 625 2277 xvr
654 2227 756 2307 super
783 2202 925 2278 flumine
946 2202 1109 2276 Ticinen·

313 2313 367 2401 si,
396 2342 458 2391 seu
487 2317 636 2421 Papiae,
675 2316 740 2391 sibi
769 2315 953 2392 accidisse.
1000 2320 1108 2412 Quo·

313 2453 390 2501 tum
421 2428 609 2505 verborum
638 2426 720 2503 fidei
759 2426 857 2504 inniti
902 2425 1038 2503 videtur
1068 2431 1108 2500 R.

220 2577 226 2591 =
313 2539 518 2630 Ghedalias,
546 2544 607 2648 qui
638 2563 736 2616 notat
778 2540 812 2616 in
843 2538 1019 2618 Scalceled
1048 2538 1109 2616 fol.

315 2655 365 2727 62
398 2680 548 2732 nostrum
581 2655 699 2731 Lando
726 2653 852 2731 librum
881 2679 981 2730 suum
1012 2656 1108 2760 Agite

312 2766 347 2842 in
377 2767 473 2844 ltalia
502 2771 538 2843 in
570 2769 653 2845 urbe
680 2769 803 2875 Papiae
832 2794 922 2844 anuo
951 2765 995 2841 ab
1023 2765 1107 2842 orbe

312 2879 455 2956 condito
488 2906 622 2980 5240,
649 2882 779 2958 Christi
815 2885 940 2978 1480,
963 2905 1107 2984 compo·

312 2995 436 3086 tuisse,
468 3021 536 3070 non
566 2997 706 3074 Taurini
736 3021 778 3071 eo
807 3021 897 3070 anno
918 3017 1107 3079 versatum,

314 3130 352 3182 ut
382 3135 559 3215 perperam
602 3109 774 3186 intellexit
803 3108 948 3184 Wolfius
977 3109 1105 3181 rom.l

313 3244 389 3327 pag.
422 3247 522 3320 595.
559 3228 645 3298 Num
676 3223 709 3296 in
739 3227 836 3328 Agin
865 3223 941 3329 ipso
971 3219 1105 3295 nullutn
1174 3295 1176 3298 .

311 3338 385 3434 ejus
413 3336 492 3410 anni
534 3335 716 3444 vestigium
748 3339 902 3442 reperio,
941 3356 1004 3408 nec
1034 3331 1106 3408 scio

311 3471 353 3520 an
383 3447 463 3523 satis
505 3472 664 3524 accurate
709 3445 753 3523 ad
793 3475 873 3526 eum
911 3445 1107 3554 posterioris

312 3557 421 3634 libelli
478 3585 554 3636 aera
603 3561 788 3638 referatur.
835 3560 941 3660 Quod
985 3583 1020 3635 et
1061 3557 1106 3633 ab
1141 3585 1149 3594 ·

312 3669 435 3746 Azulai
458 3671 528 3748 fieri
549 3672 652 3751 video
670 3674 703 3747 in
726 3678 741 3748 l
764 3699 860 3780 parte
879 3679 978 3750 Scem
1001 3669 1108 3780 aghe·

268 3860 278 3868 ,
311 3781 421 3858 ‹lolim
452 3783 510 3859 fol.
531 3813 578 3880 41
614 3811 730 3860 verso.
759 3788 849 3861 Male
869 3813 983 3863 autem
1003 3785 1107 3863 Scab-

313 3921 408 3972 taeus
438 3897 470 3970 in
498 3899 605 3974 Scifte
632 3897 793 3999 jeseenim
824 3926 859 4005 p.
888 3927 907 3973 2
940 3897 1105 3980 lacobum

312 4034 467 4086 nostrum
499 4036 599 4087 vocat
639 4009 748 4084 lilium
777 4013 964 4101 Samuelis,
995 4007 1106 4084 male·

310 4149 379 4228 que
408 4123 443 4198 in
484 4125 556 4224 ejus
596 4127 763 4201 sententia
792 4125 974 4230 acquiescit
1005 4121 1107 4198 Wol-

311 4235 399 4329 fius,
432 4235 532 4312 binos
561 4235 721 4313 diversos
749 4239 932 4344 scriptores
956 4261 1106 4312 statuen-

303 4369 387 4436 tes,
415 4349 560 4426 alrerum
590 4349 700 4425 filium
731 4351 919 4437 Samuelis,
941 4349 996 4426 cui
1018 4350 1105 4426 liber
1140 4349 1143 4355 ’

312 4463 434 4570 Agin,
475 4463 619 4539 alterum
667 4463 777 4540 filiurn
828 4463 1006 4555 lehudae,
1048 4461 1103 4539 cui

312 4577 408 4650 Visio
438 4576 632 4652 tribuatur.
661 4581 761 4653 Unus
789 4573 951 4682 idemque
973 4598 1024 4652 est
1047 4603 1106 4652 au·

311 4711 410 4777 ctor,
446 4690 507 4793 qui
535 4713 652 4794 aperte
681 4715 716 4766 se
755 4691 789 4766 in
820 4692 1106 4796 praehrionede·

311 4799 427 4878 hudae
456 4803 566 4878 filium
596 4802 771 4910 appellat,
799 4803 841 4878 ad
871 4804 1000 4880 calcem
1023 4829 1105 4880 vero

255 4981 259 4989 .
307 4920 499 5022 utrumque
536 4914 662 4994 librum
694 4942 731 4992 ut
768 4943 870 4995 suum
908 4917 954 4993 ab
988 4918 1105 4994 erratis

313 5029 575 5138 typographicis
605 5029 789 5107 emendat.
818 5037 855 5108 ln
880 5032 981 5108 titulo
1002 5032 1106 5106 eriam

313 5143 484 5219 secundae
511 5141 697 5237 editionis,
725 5169 759 5220 et
790 5167 827 5220 ut
858 5143 1020 5233 arbitror,
1051 5169 1108 5218 re-

313 5254 487 5359 liquarum
517 5259 674 5333 omnium
714 5283 830 5364 aperte
864 5258 990 5333 dicitur
1019 5258 1109 5332 lilius

314 5367 488 5456 lehudae,
516 5394 551 5444 et
574 5393 611 5444 ut
633 5370 784 5474 ejusdem
807 5371 955 5448 auctoris
980 5395 1137 5446 utrum·

313 5505 381 5585 que
412 5507 502 5587 opus
532 5507 746 5560 recensetur.
775 5489 864 5563 Nota
894 5509 1010 5562 autem
1039 5482 1116 5560 obi·

1889 693 1963 766 ¹47

1168 869 1218 922 ter
1246 843 1435 924 secundnm
1464 873 1540 926 earn
1569 845 1780 937 editionem,
1808 871 1896 950 quae
1926 868 1961 921 et

1167 961 1239 1066 ipsa
1269 960 1311 1036 acl
1342 987 1463 1036 {nanus
1491 985 1562 1048 cst,
1593 961 1659 1036 dici
1688 962 1723 1034 in
1764 962 1888 1036 eodem
1920 959 1961 1050 ti:

1170 1074 1244 1149 tulo
1273 1073 1398 1148 factam
1436 1094 1492 1168 rap
1531 1095 1716 1170 :appiana
1745 1095 1821 1155 vus
1846 1093 1888 1149 *v
1918 1071 1959 1154 rs

1169 1183 1342 1264 carutium
1374 1207 1485 1264 ratur
1520 1209 1641 1264 msam
1678 1209 1751 1264 *aab
1781 1183 1960 1262 :traina

1169 1297 1242 1377 r'urr
1286 1319 1407 1382 ’arrum
1463 1297 1601 1394 aarum
1656 1321 1793 1380 *laborm
1843 1295 1982 1390 raama&

1169 1435 1231 1504 rote
1285 1435 1381 1492 asam
1428 1411 1481 1490 rab
1523 1411 1680 1491 miluum
1729 1413 1821 1490 mm
1870 1431 1960 1486 manv

1167 1553 1322 1633 „opera
1362 1527 1493 1602 minimi
1523 1525 1823 1632 typographorum
1853 1549 1887 1600 et
1909 1523 1962 1597 di·

1167 1638 1383 1745 scipulorum
1425 1665 1469 1713 ex
1513 1639 1589 1714 liliis
1619 1639 1760 1714 Soncini
1798 1663 1889 1714 anno
1918 1661 1960 1711 ιιι

1169 1751 1299 1836 domini
1330 1752 1433 1826 nostri
1476 1751 1646 1856 pontificis
1673 1751 1859 1828 Clementis
1886 1775 1962 1839 vrr,

1166 1892 1271 1970 quem
1302 1869 1397 1940 Deus
1437 1863 1641 1940 benedictus
1673 1867 1707 1940 in
1749 1867 1818 1938 vira
1849 1887 1963 1938 custo·

1165 1977 1235 2054 diat
1264 1981 1405 2084 ejusque
1433 1975 1547 2053 cordis
1578 2001 1658 2052 vota
1684 2003 1724 2052 ac
1752 1973 1963 2052 desiderium

1164 2089 1303 2196 expleat
1332 2114 1434 2165 amen
1463 2139 1508 2180 „.
1543 2095 1644 2166 Facta
1670 2117 1753 2198 ergo
1782 2115 1801 2164 a
1831 2093 1963 2164 Οειεο-Ι

1165 2230 1208 2280 ne
1231 2205 1412 2280 Soncinate
1442 2202 1502 2308 qui
1531 2203 1661 2278 subeo
1692 2203 1831 2280 nomine
1861 2202 1962 2290 latet,

1164 2318 1199 2398 in
1230 2317 1362 2392 ditione
1390 2339 1425 2392 et
1457 2317 1541 2392 urbe
1572 2318 1745 2421 pontificia
1774 2342 1808 2390 et
1840 2341 1877 2390 ut
1907 2316 1964 2390 vi-

1164 2429 1290 2518 detur,
1318 2430 1486 2521 Arimini,
1516 2455 1609 2504 anno
1646 2433 1773 2525 1526,
1803 2431 1861 2533 qui
1891 2452 1966 2503 ter-

1164 2543 1214 2618 rio
1242 2541 1429 2618 Clementis
1458 2567 1513 2618 vrr
1543 2545 1750 2648 respondet,
1775 2567 1843 2616 non
1867 2539 1961 2646 apud

1164 2655 1329 2732 haeredes
1367 2657 1588 2742 Soncinates,
1630 2681 1667 2732 ut
1708 2655 1755 2732 ait
1793 2653 1962 2742 Wolfius,

1164 2795 1229 2845 nec
1258 2767 1422 2861 Soncini,
1454 2794 1491 2844 ur
1532 2768 1768 2844 Plantavitius
1786 2792 1821 2842 et
1849 2767 1964 2874 Selig-

1163 2883 1278 2958 manni
1310 2881 1517 2990 Caralogus,
1546 2907 1609 2959 nec
1640 2881 1770 2968 CPoli,
1801 2903 1837 2955 ut
1868 2879 1963 2956 idem

1163 2995 1308 3072 Wolfius
1336 3021 1375 3070 ac
1404 2995 1591 3074 Scabtaeus
1615 2992 1855 3072 contendunt.

1496 3168 1636 3240 XXX

1247 3339 1453 3412 Ptalteriunt
1494 3343 1529 3410 r'n
1566 3361 1610 3411 ιι
1641 3361 1688 3410 tx
1715 3341 1855 3430 antt‘qua
1883 3335 1962 3408 edi-

1163 3456 1252 3522 tione
1282 3455 1461 3523 Brixiaensi
1488 3475 1552 3523 sec.
1581 3468 1652 3526 XV.

1237 3561 1368 3636 Prodiit
1399 3560 1630 3665 proculdubio
1653 3584 1707 3634 xv
1724 3558 1841 3634 seculo
1864 3555 1963 3662 igno·

1164 3696 1196 3747 ta
1228 3673 1315 3750 haec
1343 3671 1471 3760 editio,
1509 3679 1607 3777 cujus
1636 3673 1795 3749 binorum
1827 3693 1961 3746 tantum

1163 3783 1328 3862 foliorum
1365 3786 1596 3894 fragmentum
1632 3783 1866 3892 possidemus,
1894 3787 1963 3860 Pa.-

1163 3900 1245 3973 ravii
1282 3927 1301 3972 a
1346 3899 1446 3974 nobis
1487 3925 1625 3975 erutum
1667 3925 1711 3974 ex
1753 3895 1960 3981 ludaeorum

1162 4010 1332 4116 gheniza,
1372 4011 1431 4087 ubi
1471 4011 1584 4089 mutili
1624 4035 1745 4086 eorum
1788 4008 1867 4084 libri
1896 4035 1961 4084 nec

1164 4124 1240 4198 usui
1294 4125 1539 4212 inservientes,
1587 4122 1706 4228 quales
1754 4121 1960 4226 plerumque

1162 4260 1242 4312 sunt
1287 4236 1445 4351 antiqui,
1498 4261 1682 4341 antequam
1728 4233 1960 4339 sepeliantur,

1162 4349 1274 4425 solent
1317 4353 1438 4457 reponi
1481 4351 1535 4426 vel
1581 4346 1747 4425 recondi.
1796 4345 1960 4421 Continet

1163 4461 1313 4540 Psalmos
1339 4487 1513 4550 cxxxrrr,
1541 4486 1710 4551 cxxxiv,
1738 4483 1897 4546 cxxxv,
1924 4482 1960 4534 et

1162 4575 1298 4651 initium
1338 4601 1514 4664 cxxxvr,
1556 4599 1594 4651 ut
1629 4576 1663 4650 in
1697 4573 1768 4648 hac
1807 4569 1961 4646 editione
2010 4589 2015 4598 ·

1162 4688 1414 4795 disponuntur,
1442 4691 1502 4798 qui
1530 4715 1610 4766 sunt
1640 4691 1673 4765 in
1703 4683 1878 4762 hodiernis
1901 4685 1961 4758 Bi-

1162 4802 1240 4878 bliis
1269 4827 1438 4896 cxxxrv,
1467 4828 1626 4893 cxxxv,
1645 4824 1819 4888 cxxxvr,
1842 4822 1876 4873 et
1897 4797 1959 4871 ini·

1164 4915 1251 4992 tium
1280 4943 1470 5010 cxxxvn,
1508 4943 1639 5023 nosque
1680 4913 1765 4991 illud
1795 4920 1864 5017 jam
1895 4935 1961 5014 pe-

1163 5030 1283 5105 culiari
1322 5032 1435 5138 capite
1473 5030 1717 5108 illustravimus
1747 5027 1781 5100 in
1811 5049 1960 5132 opuscu-

1164 5144 1200 5219 lo
1229 5149 1282 5220 De
1311 5145 1434 5252 ignotis
1464 5145 1548 5222 sacri
1578 5165 1693 5218 textus
1722 5139 1804 5215 edit·
1833 5162 1959 5241 p.13.

1166 5256 1292 5334 Charta
1331 5261 1471 5335 crassior
1510 5278 1546 5330 ct
1584 5255 1747 5357 antiqua,
1784 5250 1959 5326 character

1168 5371 1348 5448 brixiensis
1376 5397 1434 5446 seu
1465 5367 1555 5444 idem
1583 5393 1664 5443 cum
1693 5393 1736 5442 eo
1764 5391 1835 5470 quo
1854 5387 1960 5438 excu-

1167 5511 1203 5562 sa
1232 5507 1312 5562 sunt
1339 5483 1447 5562 Biblia
1475 5479 1686 5574 brixiensis,
1715 5479 1861 5590 paginae
1886 5501 1962 5552 sex·
