5146 7094
665 775 740 852 ¹34
1085 748 1451 821 ANNALES
1508 745 1868 818 tran-rvr.

649 931 705 1030 jus
755 924 832 1000 fidei
879 921 1025 999 nimium
1072 921 1226 998 tribuens
1273 920 1448 1013 Wolfrus,
1504 919 1598 996 simi·
1627 915 1681 996 Ad
1712 919 1795 996 haec
1824 913 2305 1023 lmmanuelipseliliusSa·

648 1039 746 1146 quod
777 1065 857 1115 rom.
887 1042 902 1111 1
933 1063 965 1143 p.
1013 1061 1086 1136 951
1124 1061 1214 1112 recte
1243 1038 1446 1139 scripserat,
1504 1033 1651 1109 lomonis
1681 1036 1715 1110 in
1757 1032 1967 1140 praefatione
2005 1029 2049 1106 ad
2078 1035 2305 1112 Commenta·

649 1152 738 1230 male
767 1172 925 1228 retractat
955 1173 1041 1226 tom.
1072 1174 1112 1224 ιιι
1142 1177 1221 1257 pag.
1256 1149 1356 1235 882,
1386 1176 1446 1224 rto·
1504 1149 1593 1223 riom
1639 1173 1741 1223 suum
1785 1144 1954 1224 ineditum
1999 1145 2033 1219 in
2073 1144 2160 1232 lob,
2205 1151 2302 1250 cujus

648 1291 759 1343 strum
789 1267 884 1341 hunc
924 1266 1223 1365 Commentarium
1264 1262 1444 1368 posteriori
1503 1260 1637 1369 duplex
1666 1259 1759 1368 apttd
1789 1287 1853 1336 nos
1880 1258 2303 1365 extatexemplar‚tattt·

647 1379 780 1456 auctori
809 1377 983 1485 assignans
1009 1378 1071 1485 qni
1099 1382 1322 1454 astronomica
1354 1377 1446 1454 varia
1503 1402 1607 1481 quam
1636 1401 1736 1452 strum
1773 1397 1902 1481 aperte·
1932 1374 2086 1483 agnoscit
2127 1399 2168 1448 ac
2197 1374 2302 1451 refert

647 1491 777 1570 edidit.
821 1493 975 1569 Nimium
1005 1493 1106 1570 etiam
1153 1491 1272 1568 tribuit
1303 1491 1447 1568 Catalo-
1503 1515 1659 1566 nostrum
1687 1488 1782 1566 hunc
1810 1486 1844 1566 itt
1875 1487 2080 1580 Proverbia,
2121 1510 2160 1564 ut
2190 1488 2303 1566 nullus

647 1635 713 1714 gns
752 1604 983 1683 bibliothecae
1022 1604 1294 1714 Oppcnheimeri
1334 1611 1446 1682 aSe-
1502 1603 1543 1678 sit
1573 1601 1618 1680 de
1648 1601 1717 1678 hoc
1746 1602 1946 1710 ambigendi
1975 1603 2090 1678 locus.
2119 1607 2173 1678 Ac
2193 1613 2301 1707 majus

646 1719 823 1827 ligmanno
853 1717 987 1808 editus,
1026 1723 1085 1825 qui
1129 1718 1315 1796 editionem
1355 1718 1445 1795 hanc
1504 1715 1646 1822 quidem
1683 1713 1822 1822 pondus
1860 1717 1962 1793 lectio
2002 1715 2060 1792 illa
2100 1715 2169 1794 ben
2199 1717 2302 1797 Jacob

647 1860 827 1910 recensens
856 1831 915 1909 sol.
961 1859 1011 1929 50
1043 1860 1141 1909 verso
1178 1832 1336 1908 adfirmat
1369 1857 1447 1909 earn

648 1975 720 2025 esse
751 1943 974 2024 lrnntantrelis
1011 1947 1070 2022 lilii
1109 1947 1244 2027 Jacobi.
1284 1952 1365 2044 Quo
1393 1945 1447 2020 fa-

649 2087 746 2136 cmm
778 2085 827 2136 est
859 2086 896 2136 nt
928 2057 972 2135 cl.
1002 2061 1170 2137 Maschius
1199 2060 1233 2135 in
1263 2059 1448 2166 Appendi·
1485 2143 1493 2162 ,

653 2201 693 2251 ce
725 2173 766 2251 ad
797 2171 1045 2250 Bibliotecham
1076 2201 1205 2249 sacram
1237 2199 1322 2250 tom.
1351 2199 1390 2249 tv
1414 2201 1450 2281 p.

654 2292 698 2364 81
736 2313 781 2364 ex
810 2285 930 2362 eadem
962 2287 1233 2394 Oppenheimcri
1264 2287 1449 2366 bibliothe-

648 2430 687 2479 ca
717 2426 867 2479 nostram
898 2399 1086 2477 editionem
1116 2401 1180 2476 snb
1211 2401 1377 2478 mendoso
1405 2429 1448 2478 eo

648 2518 790 2593 nomine
819 2538 854 2592 et
894 2538 931 2590 ut
960 2543 979 2592 a
1022 2514 1246 2621 Neapolitana
1275 2515 1446 2592 diversam

647 2655 769 2736 parurn
800 2654 955 2704 accurate
984 2627 1217 2738 suppleverit.
1260 2629 1447 2730 Quaestio-

647 2769 728 2818 nem
768 2769 908 2818 omnem
951 2769 1029 2818 mss.
1061 2743 1125 2848 ipsi
1165 2745 1360 2850 superstites
1388 2747 1446 2818 coss

647 2855 741 2931 dices
769 2856 961 2948 dirimunt,
998 2854 1198 2962 dirimitque
1229 2857 1445 2964 potissimum

648 2994 762 3046 nostra
792 2970 876 3047 haec
908 2995 986 3046 mss.
1015 2971 1194 3077 supellex,
1227 2997 1305 3046 mss.
1334 2975 1446 3076 operi·

648 3083 715 3160 bus
746 3085 850 3188 hujus
891 3085 1040 3160 auctoris
1068 3109 1156 3188 quae
1196 3085 1302 3158 ratius
1331 3082 1365 3158 in
1397 3085 1447 3158 in-

646 3197 886 3275 structioribus
931 3197 1010 3302 ipsis
1042 3195 1189 3303 puhlicis
1229 3196 1447 3273 bibliothecis

647 3337 854 3398 occurrunt,
884 3335 963 3388 vere
1001 3309 1187 3387 ditissima.
1223 3315 1277 3384 Ex
1305 3309 1446 3386 duode-

645 3425 716 3500 citn
745 3448 833 3530 qnos
863 3446 998 3511 servat,
1027 3449 1104 3499 mss.
1134 3425 1237 3526 hujus
1259 3427 1445 3499 Comtnen·

646 3537 722 3612 tatii
738 3535 940 3624 codicibus,
952 3537 1106 3642 quinque
1128 3535 1374 3642 praefationem
1389 3537 1444 3614 vel

1506 1829 1633 1906 habere
1662 1830 1860 1922 rideretur,
1886 1832 1913 1906 si
1943 1855 2063 1906 verum
2092 1855 2181 1908 esset
2207 1829 2303 1934 quod

1504 1969 1646 2022 testatur
1688 1943 1835 2022 Wolfius
1874 1971 1949 2020 earn
1991 1944 2057 2021 sub
2098 1945 2235 2021 initiunt
2265 1969 2301 2020 et

1504 2059 1609 2136 finem
1638 2057 1799 2136 editionis
1827 2082 2029 2134 occurrere.
2067 2063 2197 2135 Verum
2226 2083 2304 2132 me·

1505 2199 1542 2250 ra
1583 2173 1668 2249 haec
1711 2197 1764 2254 est
1800 2172 1919 2250 Wolfii
1961 2173 2089 2249 incuria
2123 2196 2159 2247 et
2190 2171 2300 2250 hallu·

1505 2287 1655 2377 cinatio,
1698 2311 1734 2362 nt
1781 2287 1907 2392 cuique
1960 2309 2053 2392 patet
2103 2283 2303 2362 hebraicam
2384 2327 2390 2336 ·

1505 2402 1728 2510 epigraphem
1759 2401 1873 2478 abeo
1913 2397 2053 2476 allatam
2092 2425 2127 2476 et
2156 2425 2175 2476 a
2206 2399 2305 2476 nobis

1504 2515 1590 2591 inlia
1620 2514 1827 2591 afferendam
1858 2513 2072 2590 conferenti.

1580 2628 1695 2706 Editio
1724 2655 1743 2704 a
1772 2626 1979 2735 praefatione
2009 2624 2229 2704 Itnmauttelis
2251 2625 2305 2701 in·

1502 2741 1607 2847 cipit,
1636 2771 1741 2848 qoam
1771 2743 1905 2848 excipit
1937 2743 2057 2848 pagina
2088 2765 2185 2818 versa
2212 2740 2301 2816 sacri

1504 2878 1619 2934 textus
1647 2857 1766 2934 titulus
1795 2853 1981 2956 majoribus
2009 2855 2131 2931 litteris
2160 2873 2300 2958 expres·

1501 2997 1558 3045 stts
1576 2970 1756 3079 ligneaque
1777 2968 1893 3045 tabula
1912 2965 2178 3046 condecoratus.
2203 2973 2304 3067 Qua·

1502 3079 1590 3158 dtuti
1619 3088 1691 3188 ejus
1733 3083 1812 3191 typi
1849 3109 1889 3158 ac
1929 3079 2096 3160 rabbinici
2138 3080 2299 3160 fusissimi

1502 3197 1745 3275 Commentarii
1786 3196 1846 3304 qui
1887 3195 2054 3302 integram
2093 3195 2164 3272 fere
2193 3199 2300 3304 pagi-

1503 3335 1581 3386 nam
1612 3336 1781 3418 occupat,
1823 3308 1930 3384 iidem
1971 3335 2052 3387 sunt
2092 3335 2172 3386 cum
2204 3313 2299 3416 typis

1502 3425 1712 3531 reliquorum
1772 3423 2100 3533 Agiographorum,
2145 3447 2296 3528 qnorum

1502 3561 1613 3615 nostra
1643 3537 1726 3614 haec
1764 3537 1949 3617 Proverbia
1979 3565 2067 3642 qnae
2097 3535 2185 3613 foliis
2214 3563 2303 3612 con-

648 3649 768 3726 saltem
795 3653 868 3754 ejus
897 3649 1034 3726 initium
1065 3677 1133 3726 non
1163 3649 1356 3740 exhibent,
1384 3649 1444 3726 sed

646 3787 707 3838 sex
747 3762 804 3840 alii
856 3761 1088 3870 integerrimi,
1131 3760 1292 3841 videlicet
1341 3789 1444 3864 317,

1501 3675 1591 3727 stant
1628 3677 1726 3750 104,
1756 3678 1832 3758 pars
1861 3677 1958 3728 sunt.
1989 3651 2045 3728 Ad
2062 3651 2192 3727 calcem
2210 3647 2297 3727 hunc

1501 3765 1670 3842 exhibent
1701 3789 1836 3841 notantr
1871 3789 1937 3846 :tv
1968 3761 2052 3844 'bem
2091 3787 2160 3842 'te-0·
2192 3759 2304 3840 abet>

651 3901 751 3976 377,
786 3901 889 3979 573,
919 3877 1024 3962 666,
1055 3901 1160 3979 735,
1194 3885 1294 3972 844,
1323 3879 1467 3986 legunt.
1502 3872 1565 3957 ihr
1604 3877 1720 3963 latter
1756 3901 1861 3955 nuru
1901 3900 2018 3956 svam
2054 3900 2150 3970 ptem
2184 3897 2300 3952 mem

647 4015 766 4066 ornnes
794 3987 891 4070 nain
920 3991 969 4068 ab
997 3986 1118 4074 terrm
1144 4011 1214 4068 aaa
1242 3995 1344 4067 Dicit
1372 4001 1445 4067 lm·
1501 4009 1561 4082 tute
1591 3992 1694 4070 t-nm
1721 3991 1771 4070 tl:
1799 4013 1888 4072 vum
1918 3990 2010 4068 astri
2050 4014 2144 4068 rnre*
2173 4009 2293 4070 rvaurt

645 4110 778 4181 manuel
797 4109 894 4200 filius
923 4111 971 4182 R·
991 4111 1202 4183 Salomonis.
1233 4103 1334 4181 Solus
1362 4107 1440 4204 698
1500 4123 1608 4184 'tzatutt
1637 4103 1702 4183 *tin
1732 4127 1811 4202 pits*
1846 4127 1885 4182 Ὦ
1913 4125 2000 4182 :vm
2038 4127 2087 4182 'stt
2127 4158 2150 4196 „
2181 4103 2299 4178 Abso-

646 4216 866 4308 chartaceus,
906 4217 1104 4311 recentior,
1132 4218 1340 4325 minorisque
1369 4219 1443 4295 aliis
1500 4216 1593 4294 lutus
1620 4244 1670 4295 est
1698 4219 1786 4295 liber
1827 4218 2092 4296 Proverhiorum
2121 4243 2202 4294 cttm
2230 4241 2298 4291 ex-

644 4335 745 4439 pretii
788 4355 823 4409 et
873 4331 1107 4420 auctoritatis,
1148 4331 1254 4408 habet
1299 4331 1442 4410 evanida
1501 4333 1668 4436 positione
1705 4331 1828 4410 diffusa
1865 4358 1906 4409 ac
1943 4332 2226 4441 praestantissima
2256 4333 2298 4404 tt.

643 4447 834 4552 scriptura,
873 4469 925 4520 sat
956 4471 1070 4522 tamen
1104 4471 1153 4521 ex
1183 4445 1334 4554 vestigiis
1362 4471 1443 4521 cet·
1499 4445 1743 4539 lmmauuelis,
1784 4445 1950 4522 memoria
1979 4447 2059 4551 justi
2098 4443 2143 4522 sit
2171 4443 2209 4518 in
2237 4443 2299 4521 he·

643 4582 697 4640 ta,
726 4579 802 4654 spu*
840 4559 890 4635 vs
925 4565 1020 4655 filius
1062 4563 1108 4636 R.
1156 4565 1296 4646 larabi,
1334 4585 1440 4666 quarn
1498 4556 1712 4634 nedictione.
1755 4565 1863 4636 Decet
1902 4559 1977 4636 laus
2017 4559 2227 4665 equitantem
2258 4583 2300 4634 ac

641 4669 829 4746 lectionem
861 4671 915 4748 vel
945 4699 990 4746 ex
1020 4668 1173 4746 editione
1203 4671 1275 4779 ipsa
1304 4671 1442 4762 hausit,
1499 4697 1698 4749 moventem
1729 4699 1766 4750 se
1797 4675 1872 4751 sine
1900 4671 2146 4784 defatigatione
2177 4695 2304 4746 amen.

640 4785 740 4883 cujus
782 4806 928 4858 aetatem
972 4810 1041 4859 non
1079 4782 1216 4862 videtur
1255 4811 1442 4890 superare,
1497 4789 1571 4893 Ego
1601 4785 1735 4863 Chaiim
1777 4787 1871 4866 filins
1896 4788 2000 4864 Isaaci
2040 4785 2181 4864 Levitae
2210 4789 2298 4861 Ger·

641 4893 700 4974 vel
729 4891 837 4970 editio
881 4921 926 4970 ex
966 4897 1035 4972 hoc
1080 4897 1191 4976 aliove
1229 4897 1371 4988 codiee,
1410 4899 1440 4976 si
1497 4923 1620 4977 manns
1648 4953 1693 4994 „.
1735 4906 1774 4977 ln
1811 4927 1909 4980 sacru
1939 4925 2040 4980 textu
2080 4899 2203 4974 eadem
2233 4893 2298 4973 va·

640 5035 717 5086 eam
745 5005 890 5113 quidem
920 5033 988 5083 non
1019 5009 1156 5116 placet,
1184 5011 1279 5116 quod
1308 5035 1342 5090 et
1372 5039 1437 5120 pat⁴
1497 5013 1622 5090 tiarunt
1664 5015 1851 5092 lectionum
1887 5015 2012 5122 copia,
2039 5037 2126 5118 quae
2156 5013 2193 5088 in
2223 5010 2299 5088 aliis

639 5149 717 5200 rum
749 5121 941 5199 verosimile
984 5146 1057 5211 est,
1101 5150 1146 5200 ex
1176 5151 1244 5200 una
1272 5150 1438 5234 typogra-
1495 5127 1815 5237 Agiographorum'
1839 5128 1959 5217 libris,
1987 5125 2147 5234 illudque
2174 5126 2299 5234 singu-

640 5236 703 5344 phi
733 5237 939 5346 negligentia
977 5261 1154 5343 repetere.
1191 5243 1281 5315 Cum
1312 5241 1438 5318 nostris
1494 5240 1586 5328 lare,
1618 5265 1655 5318 ut
1695 5242 1894 5320 monuimus
1922 5241 1965 5318 ad
2003 5247 2103 5320 Prot.
2133 5263 2188 5318 xtt
2221 5263 2297 5336 27,

638 5351 705 5428 illis
723 5351 900 5430 codicibus
922 5352 1074 5429 concinit
1103 5351 1348 5446 colbertinus,
1371 5381 1435 5432 nec
1491 5354 1588 5461 quod
1619 5359 1652 5431 in
1698 5383 1768 5434 nno
1797 5383 1842 5434 ex
1883 5357 2006 5434 uostris
2035 5353 2297 5459 exemplaribus

597 5511 601 5522 ·
637 5462 763 5541 dubito
787 5465 871 5571 quin
892 5467 1072 5544 concinant
1100 5492 1275 5576 quotquot
1305 5469 1340 5544 itt
1361 5467 1435 5548 aliis
1493 5467 1637 5546 rudibus
1666 5470 1739 5547 aliis
1767 5493 1801 5548 et
1841 5469 1990 5576 antiquis
2018 5494 2070 5548 xv
2099 5467 2206 5582 secpli
2233 5491 2299 5572 ty·

637 5575 857 5658 bibliothecis
884 5605 1088 5672 servantur,
1127 5607 1272 5662 numero
1301 5582 1437 5692 paucis·
1492 5582 1546 5691 pis
1574 5581 1653 5662 bina
1681 5611 1797 5665 recusa
1817 5609 1898 5665 sunt
1919 5583 2020 5691 folia.
2052 5582 2199 5694 Neapoli
2231 5607 2296 5659 cu-
