5146 7094
809 670 1492 764 ranssecunna
1868 711 2002 789 rn-

291 870 459 950 daeorum
491 889 570 976 pag·
600 889 677 968 79.
704 864 808 941 Extat
836 885 872 942 et
899 864 987 942 inter
1014 859 1090 942 illas
1146 861 1243 942 Idem
1272 887 1392 945 auctor
1412 891 1493 942 cum
1510 887 1552 944 eo
1580 862 1642 972 qui
1669 861 1782 944 Nediv
1811 861 1941 942 choch-

292 1011 364 1064 una
392 980 521 1060 codicis
553 980 631 1080 836
645 1034 655 1068 ,
682 1003 771 1086 quae
800 1005 922 1056 verum
941 981 1013 1080 ejus
1031 1003 1091 1054 na·
1147 981 1230 1068 md,
1267 1003 1326 1057 seu
1364 985 1528 1058 Senticam
1567 988 1773 1077 sapientiae,
1818 999 1852 1054 et
1881 978 1945 1054 Li-

289 1095 438 1176 tivitatis
465 1119 595 1170 aunum
628 1097 763 1192 5048,
799 1092 925 1171 Christi
963 1092 1091 1180 1288,
1146 1091 1248 1169 brum
1268 1093 1452 1182 athulini,
1474 1093 1528 1169 vel
1555 1099 1832 1190 perscrutationis
1849 1117 1945 1170 ootn·

292 1207 476 1314 hucusque
504 1209 682 1318 ignotum,
716 1207 869 1314 detegit,
897 1232 1017 1314 aquo
1045 1203 1090 1282 ad
1147 1209 1285 1316 posuit,
1326 1231 1365 1284 ut
1395 1231 1488 1315 patet
1516 1232 1562 1284 en
1591 1203 1809 1315 praefationis
1837 1230 1944 1282 exor-

293 1323 410 1404 solum
440 1347 494 1397 au.
525 1325 598 1420 98,
640 1347 713 1430 quo
742 1319 951 1400 Gersouides
980 1324 1092 1396 Com·
1146 1317 1232 1397 dio.
1260 1319 1394 1398 Primus
1423 1321 1510 1398 liber
1538 1343 1590 1398 est
1617 1343 1653 1398 et
1682 1321 1755 1428 ipse
1781 1319 1943 1428 ignotus,

290 1433 478 1516 mensarios
497 1435 530 1511 in
550 1439 741 1524 Numeros,
762 1434 1092 1520 Deuteronomium,
1148 1436 1317 1542 posterior
1359 1433 1395 1510 in
1434 1433 1598 1512 Vaticana
1637 1455 1753 1526 extat,
1793 1456 1945 1540 eumque

292 1551 400 1630 libros
430 1548 622 1639 Samuelis,
658 1547 845 1628 Proverbia
883 1575 925 1627 ac
961 1548 1093 1626 Danie-
1148 1548 1237 1626 inter
1264 1574 1457 1658 anonymos
1494 1571 1672 1626 recensent
1712 1545 1945 1626 Bartoloccius

293 1665 364 1742 lem
397 1659 528 1755 edidit,
549 1664 784 1774 praetergressi
802 1687 882 1742 suns
908 1662 989 1739 anni
1022 1685 1093 1760 50,
1149 1689 1189 1740 ae
1217 1663 1363 1742 Wolfius
1404 1689 1489 1741 tom.
1518 1687 1546 1737 11
1575 1689 1612 1770 p.
1643 1661 1743 1738 πᾶ.
1784 1664 1947 1738 Testatur

296 1777 341 1856 ad
372 1801 503 1852 annum
532 1803 613 1854 vero
650 1803 750 1878 130,
777 1803 850 1883 quo
867 1800 1010 1855 testatur
1030 1781 1094 1852 Za·
1150 1800 1271 1854 auctor
1300 1803 1336 1854 se
1364 1775 1488 1854 harum
1518 1773 1775 1888 longitudinum
1797 1771 1946 1850 velbre·

294 1915 397 1970 cutus
426 1891 462 1966 in
491 1889 647 1972 Jnchasin
677 1890 735 1967 fol.
772 1917 844 1993 133
878 1916 979 1970 verso
1006 1893 1093 1969 Per·
1150 1890 1296 1970 vitatum
1333 1891 1511 1970 scientiam
1541 1888 1758 1998 potissimum
1786 1883 1946 1964 didicisse

295 2003 428 2114 piniani
457 2003 600 2094 obiisse,
620 2005 701 2084 anni
734 2007 810 2099 82,
827 2007 887 2112 qui
910 2032 1024 2086 uetans
1054 2005 1095 2083 il·
1149 2030 1194 2082 ex
1217 2005 1309 2084 libro
1336 2027 1489 2098 :saonen
1516 2023 1609 2082 nuno
1638 2001 1758 2080 Mareh
1779 1998 1946 2108 ophauim

294 2121 361 2198 lius
389 2141 535 2196 aetatem
574 2120 809 2201 constituunt.
849 2126 985 2198 Praeter
1013 2117 1093 2196 bina
1150 2145 1210 2197 seu
1252 2126 1420 2218 Aspectas
1448 2125 1671 2209 circulorum,
1700 2141 1735 2195 et
1764 2139 1809 2190 en
1837 2133 1948 2194 nnus

293 2259 383 2342 quae
426 2232 460 2307 in
510 2255 630 2310 manus
680 2258 811 2311 nostras
855 2231 1092 2322 devenerunt,
1149 2255 1249 2313 natan
1276 2239 1436 2332 Epistola
1475 2239 1515 2310 de
1543 2237 1702 2329 sphaera,
1743 2253 1847 2335 seque
1875 2224 1946 2304 du-

294 2344 475 2454 exempla,
514 2345 654 2423 tertium
698 2351 829 2424 Romae
868 2348 903 2425 iu
934 2346 1092 2456 Collegio
1147 2348 1238 2426 nisse
1279 2347 1339 2425 has
1376 2346 1529 2425 Tabulas
1567 2344 1796 2434 concinnare,
1832 2338 1948 2422 ι’·ινύ

294 2459 544 2566 neophitorum
573 2459 700 2566 serani
723 2459 881 2540 videtur.
911 2463 1092 2541 Necenim
1148 2484 1249 2560 raupa
1268 2483 1364 2542 naun
1392 2455 1475 2539 'tuto
1502 2481 1581 2540 mnu
1610 2480 1678 2538 :au
1695 2456 1736 2536 io
1762 2476 1824 2547 nus
1851 2476 1946 2534 amno

293 2573 428 2650 diversa
457 2597 476 2648 a
506 2597 620 2650 nostra
663 2573 748 2662 hac,
777 2599 815 2651 ut
843 2601 910 2686 ego
947 2573 1093 2683 quidem
1151 2573 1191 2654 ha
1218 2595 1371 2654 :tahon
1410 2572 1477 2654 iss
1505 2597 1575 2654 aso
1606 2592 1710 2652 ruens
1737 2591 1797 2649 'trs
1829 2589 1887 2647 .··n
1914 2589 1946 2646 ’a

293 2687 440 2794 opinor,
471 2707 521 2762 est
548 2685 658 2764 editio
695 2687 753 2766 illa
782 2687 912 2798 absque
939 2713 1030 2766 anuo
1060 2713 1096 2765 et
1153 2711 1222 2768 :an
1250 2685 1503 2768 mannahun
1538 2685 1625 2774 *burt
1654 2705 1754 2782 nona
1791 2678 1859 2762 iste
1885 2701 1946 2774 tato

294 2800 399 2892 loco,
436 2795 633 2879 charactere
673 2801 842 2908 quadrato
869 2827 904 2880 et
931 2790 1098 2908 antiquo,
1153 2799 1288 2888 ratuni
1315 2823 1428 2880 arth*
1454 2821 1544 2884 *nin
1571 2819 1648 2878 ult)
1669 2824 1707 2875 ut
1728 2819 1949 2896 cognoscatur

293 2939 400 3018 quarn
430 2910 502 2990 illic
528 2937 650 2992 entare
688 2941 806 2992 monet
833 2915 1096 3008 Bartoloccius,
1153 2943 1266 2994 aarum
1295 2943 1355 3012 ope
1383 2920 1561 3016 longitudo
1593 2915 1766 3014 cujuslibet
1794 2916 1864 2986 diei
1888 2938 1949 2984 an·

295 3027 358 3102 etsi
399 3023 613 3134 quadratus,
663 3051 701 3106 ut
739 3027 918 3119 diximus,
962 3052 1098 3110 nostrae
1154 3041 1213 3120 ni,
1241 3055 1274 3107 at
1302 3035 1443 3106 brevitas
1470 3039 1565 3126 ejas,
1594 3032 1684 3126 quod
1712 3050 1784 3101 turn
1814 3029 1947 3112 doctis,

294 3138 471 3218 character
499 3141 671 3252 appellari
700 3167 770 3220 non
799 3145 929 3251 possit.

663 3317 730 3392 1v

1154 3170 1229 3220 tum
1258 3149 1365 3220 multo
1395 3153 1500 3244 magis
1536 3145 1662 3238 plebeis
1698 3163 1731 3214 tt
1760 3140 1950 3237 archisilaus

1155 3265 1385 3357 gratissimum
1426 3283 1477 3334 sss
1488 3309 1502 3347 ‚
1531 3263 1590 3354 qai
1629 3257 1719 3328 hosis
1755 3277 1946 3348 operatua

1155 3375 1420 3468 disponamus!
1464 3375 1707 3446 dimetiuntur.
1751 3367 1805 3440 De
1835 3363 1950 3472 primo

384 3488 562 3583 Anonymi
589 3487 723 3563 Lacon
750 3513 808 3565 seu
842 3487 994 3564 Tabulas
1027 3491 1100 3564 lon·

295 3604 465 3697 gitudinis
494 3604 646 3686 dissum,
675 3609 710 3676 in
740 3629 776 3700 4.
799 3611 878 3677 min.
897 3605 1018 3700 absque
1039 3629 1097 3676 an-

296 3738 339 3784 no
358 3736 390 3786 et
406 3715 503 3799 loco,
525 3715 583 3787 sed
613 3715 776 3792 Mantuae
802 3741 878 3792 ante
906 3741 962 3790 an.
983 3735 1099 3807 ccxl,

301 3830 429 3902 carissi
456 3843 719 3902 mccccaxrrsr.

387 3937 539 4044 Exiguae
568 3937 668 4016 molis
696 3961 847 4047 octoque
879 3963 1013 4018 tantum
1041 3937 1099 4016 fo-

301 4045 428 4126 liorum
466 4047 605 4126 libellus
642 4077 748 4156 quem
789 4055 824 4129 in
856 4079 917 4130 ms.
943 4051 1097 4159 quodam

298 4164 422 4241 codice
449 4187 669 4270 compactum
700 4191 781 4243 casu
810 4165 948 4244 inveni.
975 4171 1032 4244 Est
1054 4191 1100 4241 ex

300 4278 442 4384 antiqua
469 4275 591 4352 Conari
633 4277 786 4357 editione
813 4307 874 4358 seu
903 4281 977 4384 ejus
1005 4278 1099 4388 typis

298 4415 475 4482 exaratus,
516 4415 555 4467 ac
598 4418 737 4499 prorsus
776 4394 937 4504 ignotus·
973 4393 1100 4498 Incipit

300 4505 423 4612 pagina
455 4529 550 4582 versa
572 4532 590 4581 a
614 4505 849 4615 praefatione,
875 4506 974 4584 nullo
1003 4531 1101 4616 prae·

299 4617 373 4694 lixo
402 4617 530 4707 titulo,
567 4647 672 4727 quam
704 4620 839 4700 tabulae
878 4621 972 4727 ipsae
1001 4619 1100 4698 exci-

300 4734 424 4839 piunt,
454 4733 500 4810 ita
522 4731 746 4825 distributae,
775 4761 814 4812 ιιι
837 4734 984 4842 quilibet
1004 4761 1101 4811 men·

1154 3485 1215 3561 illo
1244 3484 1357 3576 libro,
1394 3481 1488 3560 unde
1526 3479 1693 3591 profecit,
1730 3478 1790 3583 qui
1829 3501 1881 3554 ess
1909 3481 1953 3553 R.

1154 3597 1347 3677 Salomonis
1383 3595 1443 3674 filii
1482 3593 1671 3673 Abrahami
1711 3589 1887 3700 Arigador
1915 3615 1952 3668 et

1154 3711 1334 3790 Offenbaci
1372 3709 1509 3804 editus,
1551 3709 1650 3820 plura
1691 3705 1838 3784 Wolfius
1867 3728 1953 3784 torn.

1155 3851 1198 3904 ιιι
1226 3852 1306 3936 pag·
1342 3847 1469 3926 1017.

1447 4018 1452 4028 ·
1538 3999 1572 4075 V

1243 4175 1292 4246 it.
1333 4173 1507 4256 lanosae,
1537 4169 1621 4240 dicti
1659 4167 1789 4239 Messes
1829 4165 1925 4238 Leon
1937 4217 1953 4252 ,

1157 4286 1275 4382 Ndsed
1302 4285 1428 4382 ttufirn
1439 4337 1452 4371 ,
1475 4283 1671 4372 Distillatio
1689 4281 1871 4375 sonoram,
1894 4304 1954 4353 sea

1157 4401 1367 4485 Rhetorica,
1413 4407 1447 4472 in
1478 4425 1516 4492 4.
1545 4403 1627 4468 min.
1653 4395 1777 4490 absque
1804 4415 1892 4464 anno
1921 4416 1955 4465 et

1156 4515 1230 4585 loco
1250 4515 1310 4586 sed
1331 4515 1494 4586 Mantuae
1523 4532 1599 4582 anta
1616 4533 1669 4580 an.
1689 4521 1953 4582 naccccartxrt.

1242 4622 1364 4713 Liber,
1393 4621 1516 4699 iisdem
1544 4618 1667 4697 Conati
1695 4621 1792 4725 typis
1812 4619 1955 4724 impres·

1156 4761 1236 4825 sus,
1276 4735 1321 4812 ab
1368 4737 1518 4814 auctoris
1560 4729 1772 4842 praefatione
1811 4733 1954 4838 incipit„
2026 4764 2029 4773 ·

299 4847 346 4922 sis
391 4871 457 4924 tres
497 4845 676 4925 columnas
716 4849 919 4935 contineat,·
952 4875 1099 4956 quarum
1157 4849 1376 4958 superposito
1406 4849 1507 4928 titulo
1535 4874 1576 4926 ac
1603 4871 1664 4923 sex
1686 4844 1860 4938 versibus,
1877 4845 1955 4952 qui-

303 4959 416 5066 prima
453 4957 550 5049 dies,
588 4961 695 5040 altera
734 4963 835 5040 horas
875 4962 1101 5072 longitudinis
1158 4961 1224 5042 bus
1251 4966 1447 5042 excitantur
1476 4960 1634 5040 homines
1663 4984 1702 5040 ut
1732 4962 1956 5042 instrumenta

301 5073 395 5167 diei,
426 5073 526 5150 tertia
554 5075 687 5152 minuta
716 5077 884 5154 exhibet.
912 5074 987 5152 Bini
1009 5103 1103 5154 men·
1161 5077 1300 5183 pulsent
1328 5101 1364 5155 et
1405 5078 1538 5156 cantica
1566 5073 1673 5154 edant
1701 5075 1751 5152 ub
1778 5073 1857 5151 libri
1887 5065 1977 5152 hu-¹

301 5213 355 5264 ses
383 5186 540 5294 qualibet
572 5189 695 5300 pagina
733 5188 889 5299 dispositi
918 5213 1017 5280 suut,
1045 5217 1105 5267 eo-
1157 5193 1213 5295 jus
1259 5192 1547 5299 compositionem
1600 5190 1661 5298 qui
1709 5187 1957 5298 elegantissima

302 5327 451 5408 rumque
479 5305 620 5380 nomina
650 5304 823 5382 columnis
852 5303 1003 5413 praefixa
1022 5325 1103 5382 sunt
1160 5307 1314 5384 continet
1344 5305 1502 5412 eloquia,
1528 5327 1648 5410 estque
1670 5327 1805 5391 revera,
1826 5325 1863 5377 ut
1882 5307 1955 5404 ejus
2049 5387 2052 5398 ¹

305 5411 440 5502 italica,
479 5416 678 5524 incipientes
705 5445 724 5496 a
752 5441 834 5498 tsno
869 5445 931 5496 seu
962 5427 1105 5507 martio,
1161 5443 1314 5512 nomen,
1355 5425 1553 5497 Distiilasio
1587 5421 1767 5518 favorum·
1799 5415 1958 5517 Quadra-

305 5550 341 5608 ct
378 5527 573 5608 desinentes
620 5529 664 5610 ad
704 5555 832 5614 ntem
867 5537 1105 5634 februarium·
1160 5531 1206 5610 tis
1235 5529 1359 5612 litteris
1385 5531 1575 5640 majoribus
1602 5556 1642 5608 ac
1663 5531 1864 5642 germanicis
1882 5553 1958 5608 tum

1694 5675 1733 5738 15
