<?xml version="1.0" encoding="UTF-8"?>
<!DOCTYPE html PUBLIC "-//W3C//DTD XHTML 1.0 Transitional//EN"
    "http://www.w3.org/TR/xhtml1/DTD/xhtml1-transitional.dtd">
<html xmlns="http://www.w3.org/1999/xhtml" xml:lang="en" lang="en">
 <head>
  <title>
</title>
<meta http-equiv="Content-Type" content="text/html;charset=utf-8" />
  <meta name='ocr-system' content='tesseract 3.04.00' />
  <meta name='ocr-capabilities' content='ocr_page ocr_carea ocr_par ocr_line ocrx_word'/>
</head>
<body>
  <div class='ocr_page' id='page_1' title='image "./annaleshebraeot00rossgoog_0063.png"; bbox 0 0 5222 7090; ppageno 0'>
   <div class='ocr_carea' id='block_1_1' title="bbox 833 661 1924 766">
    <p class='ocr_par' dir='ltr' id='par_1_1' title="bbox 833 661 1924 766">
     <span class='ocr_line' id='line_1_1' title="bbox 833 661 1924 766; baseline -0.001 -29"><span class='ocrx_word' id='word_1_1' title='bbox 833 661 1395 741; x_wconf 77' lang='lat' dir='ltr'><em>PARSPRIMA</em></span> <span class='ocrx_word' id='word_1_2' title='bbox 1878 689 1924 766; x_wconf 58' lang='grc' dir='ltr'><em>ῃ</em></span> 
     </span>
    </p>
   </div>
   <div class='ocr_carea' id='block_1_2' title="bbox 292 837 1940 5656">
    <p class='ocr_par' dir='ltr' id='par_1_2' title="bbox 292 837 1939 5006">
     <span class='ocr_line' id='line_1_2' title="bbox 292 837 1927 946; baseline -0.001 -27"><span class='ocrx_word' id='word_1_3' title='bbox 292 843 360 919; x_wconf 85' lang='lat' dir='ltr'>&#39;rint</span> <span class='ocrx_word' id='word_1_4' title='bbox 392 842 536 932; x_wconf 88' lang='lat' dir='ltr'>bibere,</span> <span class='ocrx_word' id='word_1_5' title='bbox 577 864 611 916; x_wconf 91' lang='lat' dir='ltr'>et</span> <span class='ocrx_word' id='word_1_6' title='bbox 641 838 754 916; x_wconf 90' lang='lat' dir='ltr'>omnis</span> <span class='ocrx_word' id='word_1_7' title='bbox 780 841 839 944; x_wconf 90' lang='lat' dir='ltr'>qui</span> <span class='ocrx_word' id='word_1_8' title='bbox 869 839 962 930; x_wconf 90' lang='lat' dir='ltr'>sirit,</span> <span class='ocrx_word' id='word_1_9' title='bbox 991 863 1026 915; x_wconf 92' lang='lat' dir='ltr'>et</span> <span class='ocrx_word' id='word_1_10' title='bbox 1055 838 1081 914; x_wconf 89' lang='lat' dir='ltr'>ir</span> <span class='ocrx_word' id='word_1_11' title='bbox 1138 867 1216 916; x_wconf 88' lang='lat' dir='ltr'>sune</span> <span class='ocrx_word' id='word_1_12' title='bbox 1245 842 1303 917; x_wconf 83' lang='lat' dir='ltr'>filii</span> <span class='ocrx_word' id='word_1_13' title='bbox 1334 839 1519 932; x_wconf 87' lang='lat' dir='ltr'>Natbanis,</span> <span class='ocrx_word' id='word_1_14' title='bbox 1549 838 1667 918; x_wconf 83' lang='lat' dir='ltr'>incidit</span> <span class='ocrx_word' id='word_1_15' title='bbox 1685 837 1717 914; x_wconf 89' lang='lat' dir='ltr'>in</span> <span class='ocrx_word' id='word_1_16' title='bbox 1737 860 1927 946; x_wconf 87' lang='lat' dir='ltr'>postremos</span> 
     </span>
     <span class='ocr_line' id='line_1_3' title="bbox 293 952 1930 1062; baseline 0 -30"><span class='ocrx_word' id='word_1_17' title='bbox 293 957 336 1032; x_wconf 86' lang='lat' dir='ltr'>ad</span> <span class='ocrx_word' id='word_1_18' title='bbox 367 981 491 1062; x_wconf 86' lang='lat' dir='ltr'>aquas,</span> <span class='ocrx_word' id='word_1_19' title='bbox 521 979 588 1028; x_wconf 92' lang='lat' dir='ltr'>non</span> <span class='ocrx_word' id='word_1_20' title='bbox 621 952 723 1028; x_wconf 81' lang='lat' dir='ltr'>babet</span> <span class='ocrx_word' id='word_1_21' title='bbox 753 977 886 1028; x_wconf 88' lang='lat' dir='ltr'>neccsse</span> <span class='ocrx_word' id='word_1_22' title='bbox 915 952 999 1028; x_wconf 86' lang='lat' dir='ltr'>alios</span> <span class='ocrx_word' id='word_1_23' title='bbox 1020 978 1081 1027; x_wconf 84' lang='lat' dir='ltr'>ex·</span> <span class='ocrx_word' id='word_1_24' title='bbox 1138 953 1209 1030; x_wconf 86' lang='lat' dir='ltr'>dics</span> <span class='ocrx_word' id='word_1_25' title='bbox 1238 952 1429 1030; x_wconf 83' lang='lat' dir='ltr'>decembris</span> <span class='ocrx_word' id='word_1_26' title='bbox 1456 979 1511 1030; x_wconf 85' lang='lat' dir='ltr'>au.</span> <span class='ocrx_word' id='word_1_27' title='bbox 1534 952 1769 1061; x_wconf 85' lang='lat' dir='ltr'>praecedentis</span> <span class='ocrx_word' id='word_1_28' title='bbox 1802 961 1930 1054; x_wconf 69' lang='lat'><em>14833</em></span> 
     </span>
     <span class='ocr_line' id='line_1_4' title="bbox 295 1065 1926 1176; baseline 0.001 -36"><span class='ocrx_word' id='word_1_29' title='bbox 295 1093 431 1176; x_wconf 86' lang='lat' dir='ltr'>petere.</span> <span class='ocrx_word' id='word_1_30' title='bbox 460 1072 507 1141; x_wconf 91' lang='lat' dir='ltr'>Ut</span> <span class='ocrx_word' id='word_1_31' title='bbox 528 1091 642 1144; x_wconf 88' lang='lat' dir='ltr'>autem</span> <span class='ocrx_word' id='word_1_32' title='bbox 661 1090 902 1170; x_wconf 84' lang='lat' dir='ltr'>cognoscerem</span> <span class='ocrx_word' id='word_1_33' title='bbox 931 1065 1084 1170; x_wconf 87' lang='lat' dir='ltr'>pretiosi·</span> <span class='ocrx_word' id='word_1_34' title='bbox 1142 1066 1197 1142; x_wconf 89' lang='lat' dir='ltr'>rel</span> <span class='ocrx_word' id='word_1_35' title='bbox 1228 1067 1261 1142; x_wconf 90' lang='lat' dir='ltr'>iu</span> <span class='ocrx_word' id='word_1_36' title='bbox 1293 1067 1419 1172; x_wconf 90' lang='lat' dir='ltr'>primos</span> <span class='ocrx_word' id='word_1_37' title='bbox 1459 1069 1599 1164; x_wconf 82' lang='lat' dir='ltr'>januarii</span> <span class='ocrx_word' id='word_1_38' title='bbox 1639 1093 1690 1142; x_wconf 88' lang='lat' dir='ltr'>au.</span> <span class='ocrx_word' id='word_1_39' title='bbox 1730 1067 1926 1172; x_wconf 89' lang='lat' dir='ltr'>sequentis,</span> 
     </span>
     <span class='ocr_line' id='line_1_5' title="bbox 298 1176 1928 1286; baseline -0.002 -29"><span class='ocrx_word' id='word_1_40' title='bbox 298 1205 400 1258; x_wconf 84' lang='lat' dir='ltr'>tatem</span> <span class='ocrx_word' id='word_1_41' title='bbox 420 1181 534 1284; x_wconf 89' lang='lat' dir='ltr'>operis</span> <span class='ocrx_word' id='word_1_42' title='bbox 552 1184 696 1283; x_wconf 83' lang='lat' dir='ltr'>ejusque</span> <span class='ocrx_word' id='word_1_43' title='bbox 716 1178 952 1284; x_wconf 85' lang='lat' dir='ltr'>praestantiam</span> <span class='ocrx_word' id='word_1_44' title='bbox 966 1176 1082 1282; x_wconf 88' lang='lat' dir='ltr'>quoad</span> <span class='ocrx_word' id='word_1_45' title='bbox 1141 1205 1180 1254; x_wconf 90' lang='lat' dir='ltr'>ac</span> <span class='ocrx_word' id='word_1_46' title='bbox 1220 1197 1399 1286; x_wconf 82' lang='lat' dir='ltr'>propterea</span> <span class='ocrx_word' id='word_1_47' title='bbox 1442 1202 1579 1284; x_wconf 86' lang='lat' dir='ltr'>superat</span> <span class='ocrx_word' id='word_1_48' title='bbox 1624 1201 1738 1255; x_wconf 85' lang='lat' dir='ltr'>noster</span> <span class='ocrx_word' id='word_1_49' title='bbox 1767 1202 1928 1256; x_wconf 85' lang='lat' dir='ltr'>tractatus</span> 
     </span>
     <span class='ocr_line' id='line_1_6' title="bbox 295 1287 1930 1401; baseline 0 -33"><span class='ocrx_word' id='word_1_50' title='bbox 295 1292 567 1401; x_wconf 81' lang='lat' dir='ltr'>perfectionem,</span> <span class='ocrx_word' id='word_1_51' title='bbox 607 1291 675 1398; x_wconf 89' lang='lat' dir='ltr'>legi</span> <span class='ocrx_word' id='word_1_52' title='bbox 721 1289 809 1366; x_wconf 92' lang='lat' dir='ltr'>illud</span> <span class='ocrx_word' id='word_1_53' title='bbox 850 1291 1010 1396; x_wconf 86' lang='lat' dir='ltr'>acapite</span> <span class='ocrx_word' id='word_1_54' title='bbox 1040 1287 1083 1364; x_wconf 88' lang='lat' dir='ltr'>ad</span> <span class='ocrx_word' id='word_1_55' title='bbox 1139 1290 1262 1368; x_wconf 88' lang='lat' dir='ltr'>diebus</span> <span class='ocrx_word' id='word_1_56' title='bbox 1290 1317 1351 1368; x_wconf 81' lang='lat' dir='ltr'>sex</span> <span class='ocrx_word' id='word_1_57' title='bbox 1393 1317 1494 1398; x_wconf 86' lang='lat' dir='ltr'>supra</span> <span class='ocrx_word' id='word_1_58' title='bbox 1525 1291 1644 1399; x_wconf 88' lang='lat' dir='ltr'>viginti</span> <span class='ocrx_word' id='word_1_59' title='bbox 1682 1290 1839 1367; x_wconf 77' lang='lat' dir='ltr'>Mirchir</span> <span class='ocrx_word' id='word_1_60' title='bbox 1868 1319 1930 1398; x_wconf 80' lang='lat' dir='ltr'>ap·</span> 
     </span>
     <span class='ocr_line' id='line_1_7' title="bbox 296 1401 1928 1511; baseline -0.001 -29"><span class='ocrx_word' id='word_1_61' title='bbox 296 1405 450 1494; x_wconf 81' lang='lat' dir='ltr'>calcem,</span> <span class='ocrx_word' id='word_1_62' title='bbox 480 1402 659 1511; x_wconf 76' lang='lat' dir='ltr'>repetique</span> <span class='ocrx_word' id='word_1_63' title='bbox 687 1401 772 1478; x_wconf 92' lang='lat' dir='ltr'>illud</span> <span class='ocrx_word' id='word_1_64' title='bbox 798 1427 923 1508; x_wconf 88' lang='lat' dir='ltr'>purum</span> <span class='ocrx_word' id='word_1_65' title='bbox 945 1403 988 1477; x_wconf 90' lang='lat' dir='ltr'>ab</span> <span class='ocrx_word' id='word_1_66' title='bbox 1009 1429 1085 1477; x_wconf 93' lang='lat' dir='ltr'>orn·</span> <span class='ocrx_word' id='word_1_67' title='bbox 1142 1401 1316 1510; x_wconf 88' lang='lat' dir='ltr'>peniuim,</span> <span class='ocrx_word' id='word_1_68' title='bbox 1342 1403 1434 1510; x_wconf 90' lang='lat' dir='ltr'>quod</span> <span class='ocrx_word' id='word_1_69' title='bbox 1459 1403 1586 1510; x_wconf 90' lang='lat' dir='ltr'>prodiit</span> <span class='ocrx_word' id='word_1_70' title='bbox 1609 1428 1742 1479; x_wconf 85' lang='lat' dir='ltr'>tantum</span> <span class='ocrx_word' id='word_1_71' title='bbox 1764 1401 1821 1480; x_wconf 89' lang='lat' dir='ltr'>die</span> <span class='ocrx_word' id='word_1_72' title='bbox 1843 1429 1928 1482; x_wconf 88' lang='lat' dir='ltr'>xvrr</span> 
     </span>
     <span class='ocr_line' id='line_1_8' title="bbox 296 1512 1928 1624; baseline -0.001 -29"><span class='ocrx_word' id='word_1_73' title='bbox 296 1519 332 1595; x_wconf 91' lang='lat' dir='ltr'>ni</span> <span class='ocrx_word' id='word_1_74' title='bbox 378 1517 522 1593; x_wconf 88' lang='lat' dir='ltr'>macula.</span> <span class='ocrx_word' id='word_1_75' title='bbox 555 1543 595 1592; x_wconf 91' lang='lat' dir='ltr'>ac</span> <span class='ocrx_word' id='word_1_76' title='bbox 639 1514 923 1622; x_wconf 85' lang='lat' dir='ltr'>perfectissimum</span> <span class='ocrx_word' id='word_1_77' title='bbox 967 1512 1084 1620; x_wconf 88' lang='lat' dir='ltr'>quoad</span> <span class='ocrx_word' id='word_1_78' title='bbox 1143 1517 1266 1593; x_wconf 84' lang='lat' dir='ltr'>mensis</span> <span class='ocrx_word' id='word_1_79' title='bbox 1294 1515 1468 1622; x_wconf 87' lang='lat' dir='ltr'>sequentis</span> <span class='ocrx_word' id='word_1_80' title='bbox 1505 1516 1638 1593; x_wconf 87' lang='lat' dir='ltr'>scebat.</span> <span class='ocrx_word' id='word_1_81' title='bbox 1683 1517 1824 1594; x_wconf 61' lang='lat' dir='ltr'>Primusv</span> <span class='ocrx_word' id='word_1_82' title='bbox 1846 1543 1928 1624; x_wconf 89' lang='lat' dir='ltr'>ergo</span> 
     </span>
     <span class='ocr_line' id='line_1_9' title="bbox 299 1625 1926 1738; baseline -0.001 -32"><span class='ocrx_word' id='word_1_83' title='bbox 299 1632 393 1738; x_wconf 89' lang='lat' dir='ltr'>leges</span> <span class='ocrx_word' id='word_1_84' title='bbox 422 1629 682 1738; x_wconf 87' lang='lat' dir='ltr'>grammaticas.</span> <span class='ocrx_word' id='word_1_85' title='bbox 711 1633 753 1702; x_wconf 84' lang='lat' dir='ltr'>Et</span> <span class='ocrx_word' id='word_1_86' title='bbox 782 1627 940 1733; x_wconf 85' lang='lat' dir='ltr'>quamuis</span> <span class='ocrx_word' id='word_1_87' title='bbox 958 1625 1086 1734; x_wconf 90' lang='lat' dir='ltr'>impos·</span> <span class='ocrx_word' id='word_1_88' title='bbox 1135 1631 1365 1732; x_wconf 24' lang='lat' dir='ltr'>‚Soncinatum</span> <span class='ocrx_word' id='word_1_89' title='bbox 1409 1628 1522 1704; x_wconf 91' lang='lat' dir='ltr'>foetus</span> <span class='ocrx_word' id='word_1_90' title='bbox 1549 1652 1601 1706; x_wconf 90' lang='lat' dir='ltr'>est</span> <span class='ocrx_word' id='word_1_91' title='bbox 1643 1654 1756 1704; x_wconf 84' lang='lat' dir='ltr'>nostra</span> <span class='ocrx_word' id='word_1_92' title='bbox 1786 1629 1926 1720; x_wconf 88' lang='lat' dir='ltr'>editio,</span> 
     </span>
     <span class='ocr_line' id='line_1_10' title="bbox 299 1741 1930 1848; baseline 0 -30"><span class='ocrx_word' id='word_1_93' title='bbox 299 1743 397 1819; x_wconf 88' lang='lat' dir='ltr'>sibile</span> <span class='ocrx_word' id='word_1_94' title='bbox 427 1743 496 1832; x_wconf 89' lang='lat' dir='ltr'>sit,</span> <span class='ocrx_word' id='word_1_95' title='bbox 525 1741 620 1847; x_wconf 93' lang='lat' dir='ltr'>quod</span> <span class='ocrx_word' id='word_1_96' title='bbox 651 1766 719 1818; x_wconf 91' lang='lat' dir='ltr'>nou</span> <span class='ocrx_word' id='word_1_97' title='bbox 737 1741 977 1846; x_wconf 82' lang='lat' dir='ltr'>reperiaturin</span> <span class='ocrx_word' id='word_1_98' title='bbox 1002 1767 1087 1816; x_wconf 89' lang='lat' dir='ltr'>uno·</span> <span class='ocrx_word' id='word_1_99' title='bbox 1143 1769 1213 1819; x_wconf 93' lang='lat' dir='ltr'>uon</span> <span class='ocrx_word' id='word_1_100' title='bbox 1247 1746 1358 1848; x_wconf 88' lang='lat' dir='ltr'>ipsum</span> <span class='ocrx_word' id='word_1_101' title='bbox 1389 1741 1571 1829; x_wconf 82' lang='lat' dir='ltr'>Mircbir,</span> <span class='ocrx_word' id='word_1_102' title='bbox 1611 1766 1647 1817; x_wconf 92' lang='lat' dir='ltr'>ut</span> <span class='ocrx_word' id='word_1_103' title='bbox 1678 1743 1767 1817; x_wconf 90' lang='lat' dir='ltr'>male</span> <span class='ocrx_word' id='word_1_104' title='bbox 1798 1741 1930 1818; x_wconf 89' lang='lat' dir='ltr'>bucus-</span> 
     </span>
     <span class='ocr_line' id='line_1_11' title="bbox 298 1850 1928 1962; baseline -0.001 -30"><span class='ocrx_word' id='word_1_105' title='bbox 298 1879 441 1962; x_wconf 89' lang='lat' dir='ltr'>quoque</span> <span class='ocrx_word' id='word_1_106' title='bbox 480 1854 589 1940; x_wconf 91' lang='lat' dir='ltr'>libro,</span> <span class='ocrx_word' id='word_1_107' title='bbox 621 1854 832 1960; x_wconf 83' lang='lat' dir='ltr'>quicumque</span> <span class='ocrx_word' id='word_1_108' title='bbox 872 1855 898 1930; x_wconf 89' lang='lat' dir='ltr'>is</span> <span class='ocrx_word' id='word_1_109' title='bbox 936 1852 999 1944; x_wconf 85' lang='lat' dir='ltr'>sit,</span> <span class='ocrx_word' id='word_1_110' title='bbox 1027 1850 1087 1927; x_wconf 85' lang='lat' dir='ltr'>ali·</span> <span class='ocrx_word' id='word_1_111' title='bbox 1142 1881 1211 1962; x_wconf 88' lang='lat' dir='ltr'>que</span> <span class='ocrx_word' id='word_1_112' title='bbox 1239 1880 1393 1932; x_wconf 84' lang='lat' dir='ltr'>auctores</span> <span class='ocrx_word' id='word_1_113' title='bbox 1420 1852 1489 1930; x_wconf 90' lang='lat' dir='ltr'>fere</span> <span class='ocrx_word' id='word_1_114' title='bbox 1511 1855 1928 1948; x_wconf 89' lang='lat' dir='ltr'>omuesconstituerutrt,</span> 
     </span>
     <span class='ocr_line' id='line_1_12' title="bbox 298 1964 1931 2074; baseline -0.001 -30"><span class='ocrx_word' id='word_1_115' title='bbox 298 1968 376 2074; x_wconf 87' lang='lat' dir='ltr'>quis</span> <span class='ocrx_word' id='word_1_116' title='bbox 403 1967 548 2074; x_wconf 79' lang='lat' dir='ltr'>exiguus</span> <span class='ocrx_word' id='word_1_117' title='bbox 577 1992 692 2058; x_wconf 89' lang='lat' dir='ltr'>error,</span> <span class='ocrx_word' id='word_1_118' title='bbox 720 1993 835 2042; x_wconf 86' lang='lat' dir='ltr'>uouoe</span> <span class='ocrx_word' id='word_1_119' title='bbox 851 1966 886 2043; x_wconf 91' lang='lat' dir='ltr'>in</span> <span class='ocrx_word' id='word_1_120' title='bbox 909 1964 999 2041; x_wconf 89' lang='lat' dir='ltr'>libro</span> <span class='ocrx_word' id='word_1_121' title='bbox 1020 1965 1083 2041; x_wconf 90' lang='lat' dir='ltr'>bu·</span> <span class='ocrx_word' id='word_1_122' title='bbox 1140 1995 1228 2074; x_wconf 90' lang='lat' dir='ltr'>quos</span> <span class='ocrx_word' id='word_1_123' title='bbox 1256 1994 1290 2045; x_wconf 91' lang='lat' dir='ltr'>ct</span> <span class='ocrx_word' id='word_1_124' title='bbox 1320 1994 1381 2044; x_wconf 91' lang='lat' dir='ltr'>nos</span> <span class='ocrx_word' id='word_1_125' title='bbox 1408 1966 1491 2041; x_wconf 91' lang='lat' dir='ltr'>olim</span> <span class='ocrx_word' id='word_1_126' title='bbox 1519 1969 1767 2044; x_wconf 87' lang='lat' dir='ltr'>securisumus</span> <span class='ocrx_word' id='word_1_127' title='bbox 1795 1972 1848 2042; x_wconf 89' lang='lat' dir='ltr'>De</span> <span class='ocrx_word' id='word_1_128' title='bbox 1869 1967 1931 2042; x_wconf 90' lang='lat' dir='ltr'>bc-</span> 
     </span>
     <span class='ocr_line' id='line_1_13' title="bbox 297 2078 1930 2188; baseline -0.001 -31"><span class='ocrx_word' id='word_1_129' title='bbox 297 2086 352 2186; x_wconf 84' lang='lat' dir='ltr'>jus</span> <span class='ocrx_word' id='word_1_130' title='bbox 380 2081 635 2188; x_wconf 87' lang='lat' dir='ltr'>compositionis</span> <span class='ocrx_word' id='word_1_131' title='bbox 665 2078 721 2156; x_wconf 90' lang='lat' dir='ltr'>vel</span> <span class='ocrx_word' id='word_1_132' title='bbox 745 2078 929 2157; x_wconf 88' lang='lat' dir='ltr'>voluminis</span> <span class='ocrx_word' id='word_1_133' title='bbox 948 2078 982 2155; x_wconf 94' lang='lat' dir='ltr'>id</span> <span class='ocrx_word' id='word_1_134' title='bbox 1005 2105 1083 2185; x_wconf 81' lang='lat' dir='ltr'>per·</span> <span class='ocrx_word' id='word_1_135' title='bbox 1140 2082 1271 2158; x_wconf 84' lang='lat' dir='ltr'>braicae</span> <span class='ocrx_word' id='word_1_136' title='bbox 1301 2106 1376 2188; x_wconf 83' lang='lat' dir='ltr'>typ.</span> <span class='ocrx_word' id='word_1_137' title='bbox 1405 2079 1537 2186; x_wconf 88' lang='lat' dir='ltr'>origine</span> <span class='ocrx_word' id='word_1_138' title='bbox 1559 2107 1639 2188; x_wconf 86' lang='lat' dir='ltr'>pag.</span> <span class='ocrx_word' id='word_1_139' title='bbox 1671 2082 1742 2166; x_wconf 82' lang='lat'>18,</span> <span class='ocrx_word' id='word_1_140' title='bbox 1772 2079 1813 2155; x_wconf 83' lang='lat' dir='ltr'>nd</span> <span class='ocrx_word' id='word_1_141' title='bbox 1845 2079 1930 2156; x_wconf 89' lang='lat' dir='ltr'>illud</span> 
     </span>
     <span class='ocr_line' id='line_1_14' title="bbox 298 2193 1934 2302; baseline -0.001 -32"><span class='ocrx_word' id='word_1_142' title='bbox 298 2197 464 2302; x_wconf 85' lang='lat' dir='ltr'>exiguum</span> <span class='ocrx_word' id='word_1_143' title='bbox 520 2193 619 2300; x_wconf 85' lang='lat' dir='ltr'>plane</span> <span class='ocrx_word' id='word_1_144' title='bbox 663 2217 741 2278; x_wconf 88' lang='lat' dir='ltr'>cst,</span> <span class='ocrx_word' id='word_1_145' title='bbox 784 2217 961 2296; x_wconf 85' lang='lat' dir='ltr'>cessatque</span> <span class='ocrx_word' id='word_1_146' title='bbox 1002 2219 1089 2297; x_wconf 87' lang='lat' dir='ltr'>pro·</span> <span class='ocrx_word' id='word_1_147' title='bbox 1145 2195 1312 2271; x_wconf 86' lang='lat' dir='ltr'>meusium</span> <span class='ocrx_word' id='word_1_148' title='bbox 1341 2193 1524 2269; x_wconf 87' lang='lat' dir='ltr'>discrimen</span> <span class='ocrx_word' id='word_1_149' title='bbox 1555 2219 1631 2286; x_wconf 85' lang='lat' dir='ltr'>nou¹</span> <span class='ocrx_word' id='word_1_150' title='bbox 1654 2216 1704 2270; x_wconf 85' lang='lat' dir='ltr'>sat</span> <span class='ocrx_word' id='word_1_151' title='bbox 1734 2195 1851 2268; x_wconf 90' lang='lat' dir='ltr'>animo</span> <span class='ocrx_word' id='word_1_152' title='bbox 1881 2217 1934 2269; x_wconf 88' lang='lat' dir='ltr'>at·</span> 
     </span>
     <span class='ocr_line' id='line_1_15' title="bbox 300 2305 1929 2413; baseline 0.001 -32"><span class='ocrx_word' id='word_1_153' title='bbox 300 2331 377 2413; x_wconf 90' lang='lat' dir='ltr'>pter</span> <span class='ocrx_word' id='word_1_154' title='bbox 391 2332 584 2382; x_wconf 82' lang='lat' dir='ltr'>extremum</span> <span class='ocrx_word' id='word_1_155' title='bbox 605 2307 832 2412; x_wconf 82' lang='lat' dir='ltr'>parvitatem?</span> <span class='ocrx_word' id='word_1_156' title='bbox 861 2305 1089 2410; x_wconf 90' lang='lat' dir='ltr'>Quandoqui·</span> <span class='ocrx_word' id='word_1_157' title='bbox 1146 2306 1346 2386; x_wconf 88' lang='lat' dir='ltr'>tendentes.</span> <span class='ocrx_word' id='word_1_158' title='bbox 1374 2305 1479 2405; x_wconf 87' lang='lat' dir='ltr'>Quod</span> <span class='ocrx_word' id='word_1_159' title='bbox 1509 2332 1552 2380; x_wconf 86' lang='lat' dir='ltr'>ert</span> <span class='ocrx_word' id='word_1_160' title='bbox 1574 2307 1677 2412; x_wconf 85' lang='lat' dir='ltr'>ipsius</span> <span class='ocrx_word' id='word_1_161' title='bbox 1695 2333 1836 2412; x_wconf 88' lang='lat' dir='ltr'>quoque</span> <span class='ocrx_word' id='word_1_162' title='bbox 1854 2308 1929 2413; x_wconf 86' lang='lat' dir='ltr'>epi·</span> 
     </span>
     <span class='ocr_line' id='line_1_16' title="bbox 298 2417 1931 2529; baseline -0.001 -34"><span class='ocrx_word' id='word_1_163' title='bbox 298 2417 377 2495; x_wconf 90' lang='lat' dir='ltr'>dem</span> <span class='ocrx_word' id='word_1_164' title='bbox 407 2418 518 2505; x_wconf 87' lang='lat' dir='ltr'>liber,</span> <span class='ocrx_word' id='word_1_165' title='bbox 557 2444 661 2523; x_wconf 89' lang='lat' dir='ltr'>quern</span> <span class='ocrx_word' id='word_1_166' title='bbox 691 2445 793 2526; x_wconf 83' lang='lat' dir='ltr'>supra</span> <span class='ocrx_word' id='word_1_167' title='bbox 834 2445 1088 2495; x_wconf 88' lang='lat' dir='ltr'>commemora·</span> <span class='ocrx_word' id='word_1_168' title='bbox 1145 2420 1285 2529; x_wconf 84' lang='lat' dir='ltr'>grapbis</span> <span class='ocrx_word' id='word_1_169' title='bbox 1314 2443 1478 2495; x_wconf 80' lang='lat' dir='ltr'>contentu</span> <span class='ocrx_word' id='word_1_170' title='bbox 1508 2442 1602 2525; x_wconf 90' lang='lat' dir='ltr'>patet</span> <span class='ocrx_word' id='word_1_171' title='bbox 1641 2419 1931 2510; x_wconf 83' lang='lat' dir='ltr'>luculentissime,</span> 
     </span>
     <span class='ocr_line' id='line_1_17' title="bbox 300 2528 1930 2640; baseline -0.001 -32"><span class='ocrx_word' id='word_1_172' title='bbox 300 2531 360 2617; x_wconf 80' lang='lat' dir='ltr'>ri,</span> <span class='ocrx_word' id='word_1_173' title='bbox 400 2528 516 2636; x_wconf 86' lang='lat' dir='ltr'>quoad</span> <span class='ocrx_word' id='word_1_174' title='bbox 561 2530 747 2605; x_wconf 84' lang='lat' dir='ltr'>maximam</span> <span class='ocrx_word' id='word_1_175' title='bbox 787 2534 861 2633; x_wconf 76' lang='lat' dir='ltr'>ejus</span> <span class='ocrx_word' id='word_1_176' title='bbox 891 2557 1020 2636; x_wconf 88' lang='lat' dir='ltr'>putrem</span> <span class='ocrx_word' id='word_1_177' title='bbox 1049 2557 1089 2606; x_wconf 85' lang='lat' dir='ltr'>ac</span> <span class='ocrx_word' id='word_1_178' title='bbox 1146 2535 1181 2612; x_wconf 83' lang='lat' dir='ltr'>in</span> <span class='ocrx_word' id='word_1_179' title='bbox 1202 2560 1274 2639; x_wconf 93' lang='lat' dir='ltr'>quo</span> <span class='ocrx_word' id='word_1_180' title='bbox 1303 2555 1456 2608; x_wconf 87' lang='lat' dir='ltr'>recenter</span> <span class='ocrx_word' id='word_1_181' title='bbox 1473 2555 1606 2606; x_wconf 83' lang='lat' dir='ltr'>erectae</span> <span class='ocrx_word' id='word_1_182' title='bbox 1627 2533 1850 2609; x_wconf 82' lang='lat' dir='ltr'>Souciuaturn</span> <span class='ocrx_word' id='word_1_183' title='bbox 1873 2557 1930 2640; x_wconf 87' lang='lat' dir='ltr'>ty·</span> 
     </span>
     <span class='ocr_line' id='line_1_18' title="bbox 301 2641 1929 2755; baseline -0.001 -33"><span class='ocrx_word' id='word_1_184' title='bbox 301 2643 373 2722; x_wconf 89' lang='lat' dir='ltr'>fere</span> <span class='ocrx_word' id='word_1_185' title='bbox 405 2668 497 2719; x_wconf 90' lang='lat' dir='ltr'>totus</span> <span class='ocrx_word' id='word_1_186' title='bbox 525 2641 698 2748; x_wconf 85' lang='lat' dir='ltr'>perfectus</span> <span class='ocrx_word' id='word_1_187' title='bbox 727 2667 775 2718; x_wconf 86' lang='lat' dir='ltr'>est</span> <span class='ocrx_word' id='word_1_188' title='bbox 814 2642 846 2718; x_wconf 89' lang='lat' dir='ltr'>in</span> <span class='ocrx_word' id='word_1_189' title='bbox 875 2643 989 2721; x_wconf 89' lang='lat' dir='ltr'>subtili</span> <span class='ocrx_word' id='word_1_190' title='bbox 1019 2669 1089 2721; x_wconf 90' lang='lat' dir='ltr'>ser·</span> <span class='ocrx_word' id='word_1_191' title='bbox 1144 2645 1358 2755; x_wconf 87' lang='lat' dir='ltr'>pograplriae</span> <span class='ocrx_word' id='word_1_192' title='bbox 1387 2643 1523 2720; x_wconf 85' lang='lat' dir='ltr'>historia</span> <span class='ocrx_word' id='word_1_193' title='bbox 1552 2644 1754 2750; x_wconf 88' lang='lat' dir='ltr'>attingitur,</span> <span class='ocrx_word' id='word_1_194' title='bbox 1784 2670 1929 2752; x_wconf 87' lang='lat' dir='ltr'>atquea</span> 
     </span>
     <span class='ocr_line' id='line_1_19' title="bbox 301 2754 1934 2861; baseline 0.001 -29"><span class='ocrx_word' id='word_1_195' title='bbox 301 2757 415 2832; x_wconf 91' lang='lat' dir='ltr'>monis</span> <span class='ocrx_word' id='word_1_196' title='bbox 444 2755 651 2831; x_wconf 86' lang='lat' dir='ltr'>discussione</span> <span class='ocrx_word' id='word_1_197' title='bbox 695 2754 903 2861; x_wconf 79' lang='lat' dir='ltr'>perfectione</span> <span class='ocrx_word' id='word_1_198' title='bbox 931 2783 1088 2834; x_wconf 84' lang='lat' dir='ltr'>summa.</span> <span class='ocrx_word' id='word_1_199' title='bbox 1144 2785 1262 2836; x_wconf 90' lang='lat' dir='ltr'>nostro</span> <span class='ocrx_word' id='word_1_200' title='bbox 1291 2757 1360 2835; x_wconf 90' lang='lat' dir='ltr'>boc</span> <span class='ocrx_word' id='word_1_201' title='bbox 1389 2755 1478 2832; x_wconf 92' lang='lat' dir='ltr'>libro</span> <span class='ocrx_word' id='word_1_202' title='bbox 1521 2756 1657 2831; x_wconf 89' lang='lat' dir='ltr'>initium</span> <span class='ocrx_word' id='word_1_203' title='bbox 1688 2757 1831 2834; x_wconf 88' lang='lat' dir='ltr'>feliciter</span> <span class='ocrx_word' id='word_1_204' title='bbox 1884 2758 1934 2833; x_wconf 92' lang='lat' dir='ltr'>sa·</span> 
     </span>
     <span class='ocr_line' id='line_1_20' title="bbox 303 2867 1931 2975; baseline 0.002 -31"><span class='ocrx_word' id='word_1_205' title='bbox 303 2868 534 2975; x_wconf 84' lang='lat' dir='ltr'>Consequitur</span> <span class='ocrx_word' id='word_1_206' title='bbox 578 2867 659 2943; x_wconf 88' lang='lat' dir='ltr'>hinc</span> <span class='ocrx_word' id='word_1_207' title='bbox 687 2894 756 2944; x_wconf 89' lang='lat' dir='ltr'>non</span> <span class='ocrx_word' id='word_1_208' title='bbox 801 2893 873 2944; x_wconf 81' lang='lat' dir='ltr'>esse</span> <span class='ocrx_word' id='word_1_209' title='bbox 902 2872 1087 2975; x_wconf 87' lang='lat' dir='ltr'>projicien-</span> <span class='ocrx_word' id='word_1_210' title='bbox 1143 2898 1237 2948; x_wconf 88' lang='lat' dir='ltr'>otum</span> <span class='ocrx_word' id='word_1_211' title='bbox 1256 2895 1331 2946; x_wconf 89' lang='lat' dir='ltr'>esse</span> <span class='ocrx_word' id='word_1_212' title='bbox 1353 2867 1575 2945; x_wconf 89' lang='lat' dir='ltr'>disertissime</span> <span class='ocrx_word' id='word_1_213' title='bbox 1605 2867 1772 2945; x_wconf 89' lang='lat' dir='ltr'>traditur.</span> <span class='ocrx_word' id='word_1_214' title='bbox 1803 2874 1931 2948; x_wconf 87' lang='lat' dir='ltr'>Notatu</span> 
     </span>
     <span class='ocr_line' id='line_1_21' title="bbox 302 2978 1932 3090; baseline 0.001 -34"><span class='ocrx_word' id='word_1_215' title='bbox 302 2979 386 3056; x_wconf 89' lang='lat' dir='ltr'>dum</span> <span class='ocrx_word' id='word_1_216' title='bbox 418 2981 541 3058; x_wconf 85' lang='lat' dir='ltr'>vitium</span> <span class='ocrx_word' id='word_1_217' title='bbox 563 2978 597 3054; x_wconf 89' lang='lat' dir='ltr'>in</span> <span class='ocrx_word' id='word_1_218' title='bbox 621 3003 738 3056; x_wconf 82' lang='lat' dir='ltr'>sancta</span> <span class='ocrx_word' id='word_1_219' title='bbox 759 2980 823 3059; x_wconf 88' lang='lat' dir='ltr'>Dei</span> <span class='ocrx_word' id='word_1_220' title='bbox 848 2981 991 3072; x_wconf 83' lang='lat' dir='ltr'>frustra,</span> <span class='ocrx_word' id='word_1_221' title='bbox 1009 2988 1088 3088; x_wconf 88' lang='lat' dir='ltr'>quia</span> <span class='ocrx_word' id='word_1_222' title='bbox 1144 3009 1260 3061; x_wconf 80' lang='lat' dir='ltr'>autent</span> <span class='ocrx_word' id='word_1_223' title='bbox 1290 2981 1433 3090; x_wconf 85' lang='lat' dir='ltr'>dignum</span> <span class='ocrx_word' id='word_1_224' title='bbox 1464 2983 1567 3058; x_wconf 91' lang='lat' dir='ltr'>estin</span> <span class='ocrx_word' id='word_1_225' title='bbox 1595 2982 1748 3088; x_wconf 89' lang='lat' dir='ltr'>principe</span> <span class='ocrx_word' id='word_1_226' title='bbox 1773 2981 1837 3057; x_wconf 92' lang='lat' dir='ltr'>bac</span> <span class='ocrx_word' id='word_1_227' title='bbox 1857 2982 1932 3058; x_wconf 88' lang='lat' dir='ltr'>edi·</span> 
     </span>
     <span class='ocr_line' id='line_1_22' title="bbox 302 3091 1931 3202; baseline 0 -33"><span class='ocrx_word' id='word_1_228' title='bbox 302 3092 388 3172; x_wconf 82' lang='lat' dir='ltr'>liber</span> <span class='ocrx_word' id='word_1_229' title='bbox 415 3118 551 3171; x_wconf 87' lang='lat' dir='ltr'>sanctus</span> <span class='ocrx_word' id='word_1_230' title='bbox 588 3117 638 3169; x_wconf 86' lang='lat' dir='ltr'>est</span> <span class='ocrx_word' id='word_1_231' title='bbox 668 3091 748 3184; x_wconf 88' lang='lat' dir='ltr'>bie,</span> <span class='ocrx_word' id='word_1_232' title='bbox 781 3093 924 3200; x_wconf 87' lang='lat' dir='ltr'>pulcher</span> <span class='ocrx_word' id='word_1_233' title='bbox 960 3120 995 3173; x_wconf 86' lang='lat' dir='ltr'>et</span> <span class='ocrx_word' id='word_1_234' title='bbox 1024 3095 1088 3173; x_wconf 89' lang='lat' dir='ltr'>de·</span> <span class='ocrx_word' id='word_1_235' title='bbox 1145 3098 1240 3174; x_wconf 90' lang='lat' dir='ltr'>tione</span> <span class='ocrx_word' id='word_1_236' title='bbox 1268 3097 1398 3202; x_wconf 88' lang='lat' dir='ltr'>integra</span> <span class='ocrx_word' id='word_1_237' title='bbox 1437 3092 1593 3172; x_wconf 84' lang='lat' dir='ltr'>exbiberi</span> <span class='ocrx_word' id='word_1_238' title='bbox 1623 3094 1694 3170; x_wconf 88' lang='lat' dir='ltr'>sive</span> <span class='ocrx_word' id='word_1_239' title='bbox 1737 3099 1931 3186; x_wconf 85' lang='lat' dir='ltr'>Gemarae,</span> 
     </span>
     <span class='ocr_line' id='line_1_23' title="bbox 303 3206 1933 3314; baseline 0.001 -32"><span class='ocrx_word' id='word_1_240' title='bbox 303 3233 403 3284; x_wconf 85' lang='lat' dir='ltr'>corus</span> <span class='ocrx_word' id='word_1_241' title='bbox 428 3209 504 3283; x_wconf 87' lang='lat' dir='ltr'>siue</span> <span class='ocrx_word' id='word_1_242' title='bbox 532 3206 752 3314; x_wconf 86' lang='lat' dir='ltr'>grammatica</span> <span class='ocrx_word' id='word_1_243' title='bbox 780 3231 815 3282; x_wconf 89' lang='lat' dir='ltr'>et</span> <span class='ocrx_word' id='word_1_244' title='bbox 843 3235 998 3286; x_wconf 89' lang='lat' dir='ltr'>accurata</span> <span class='ocrx_word' id='word_1_245' title='bbox 1020 3210 1089 3287; x_wconf 91' lang='lat' dir='ltr'>dis·</span> <span class='ocrx_word' id='word_1_246' title='bbox 1144 3214 1216 3288; x_wconf 89' lang='lat' dir='ltr'>sive</span> <span class='ocrx_word' id='word_1_247' title='bbox 1237 3209 1381 3284; x_wconf 79' lang='lat' dir='ltr'>aliorum</span> <span class='ocrx_word' id='word_1_248' title='bbox 1402 3233 1580 3284; x_wconf 88' lang='lat' dir='ltr'>auctorum</span> <span class='ocrx_word' id='word_1_249' title='bbox 1610 3208 1753 3314; x_wconf 90' lang='lat' dir='ltr'>scripta.</span> <span class='ocrx_word' id='word_1_250' title='bbox 1783 3207 1841 3284; x_wconf 90' lang='lat' dir='ltr'>Sic</span> <span class='ocrx_word' id='word_1_251' title='bbox 1864 3209 1933 3284; x_wconf 90' lang='lat' dir='ltr'>sin·</span> 
     </span>
     <span class='ocr_line' id='line_1_24' title="bbox 302 3318 1932 3431; baseline 0 -35"><span class='ocrx_word' id='word_1_252' title='bbox 302 3321 514 3426; x_wconf 88' lang='lat' dir='ltr'>quisirione‚</span> <span class='ocrx_word' id='word_1_253' title='bbox 537 3318 609 3396; x_wconf 89' lang='lat' dir='ltr'>sire</span> <span class='ocrx_word' id='word_1_254' title='bbox 637 3319 803 3426; x_wconf 83' lang='lat' dir='ltr'>elegantia</span> <span class='ocrx_word' id='word_1_255' title='bbox 822 3324 1010 3430; x_wconf 86' lang='lat' dir='ltr'>scripturae</span> <span class='ocrx_word' id='word_1_256' title='bbox 1033 3323 1089 3399; x_wconf 90' lang='lat' dir='ltr'>uel</span> <span class='ocrx_word' id='word_1_257' title='bbox 1145 3323 1273 3431; x_wconf 85' lang='lat' dir='ltr'>gularis</span> <span class='ocrx_word' id='word_1_258' title='bbox 1302 3321 1359 3397; x_wconf 82' lang='lat' dir='ltr'>illa</span> <span class='ocrx_word' id='word_1_259' title='bbox 1389 3320 1499 3401; x_wconf 88' lang='lat' dir='ltr'>Rascii</span> <span class='ocrx_word' id='word_1_260' title='bbox 1539 3342 1620 3396; x_wconf 90' lang='lat' dir='ltr'>nota</span> <span class='ocrx_word' id='word_1_261' title='bbox 1648 3345 1683 3396; x_wconf 88' lang='lat' dir='ltr'>et</span> <span class='ocrx_word' id='word_1_262' title='bbox 1712 3318 1932 3397; x_wconf 83' lang='lat' dir='ltr'>animadver-</span> 
     </span>
     <span class='ocr_line' id='line_1_25' title="bbox 303 3431 1930 3544; baseline -0.001 -33"><span class='ocrx_word' id='word_1_263' title='bbox 303 3432 560 3540; x_wconf 84' lang='lat' dir='ltr'>impressionis,</span> <span class='ocrx_word' id='word_1_264' title='bbox 597 3455 632 3508; x_wconf 90' lang='lat' dir='ltr'>et</span> <span class='ocrx_word' id='word_1_265' title='bbox 672 3431 791 3514; x_wconf 86' lang='lat' dir='ltr'>ordine</span> <span class='ocrx_word' id='word_1_266' title='bbox 826 3439 989 3544; x_wconf 79' lang='lat' dir='ltr'>egregio,</span> <span class='ocrx_word' id='word_1_267' title='bbox 1017 3438 1089 3514; x_wconf 85' lang='lat' dir='ltr'>sire</span> <span class='ocrx_word' id='word_1_268' title='bbox 1145 3436 1219 3528; x_wconf 87' lang='lat' dir='ltr'>sio,</span> <span class='ocrx_word' id='word_1_269' title='bbox 1247 3460 1335 3544; x_wconf 85' lang='lat' dir='ltr'>quae</span> <span class='ocrx_word' id='word_1_270' title='bbox 1376 3457 1472 3509; x_wconf 86' lang='lat' dir='ltr'>extat</span> <span class='ocrx_word' id='word_1_271' title='bbox 1504 3433 1537 3507; x_wconf 91' lang='lat' dir='ltr'>in</span> <span class='ocrx_word' id='word_1_272' title='bbox 1568 3459 1642 3539; x_wconf 84' lang='lat' dir='ltr'>cap.</span> <span class='ocrx_word' id='word_1_273' title='bbox 1670 3459 1710 3508; x_wconf 82' lang='lat' dir='ltr'>ru</span> <span class='ocrx_word' id='word_1_274' title='bbox 1737 3433 1782 3510; x_wconf 89' lang='lat' dir='ltr'>de</span> <span class='ocrx_word' id='word_1_275' title='bbox 1811 3431 1930 3510; x_wconf 79' lang='lat' dir='ltr'>bircid</span> 
     </span>
     <span class='ocr_line' id='line_1_26' title="bbox 305 3545 1933 3654; baseline -0.001 -31"><span class='ocrx_word' id='word_1_276' title='bbox 305 3546 476 3654; x_wconf 85' lang='lat' dir='ltr'>praeclara</span> <span class='ocrx_word' id='word_1_277' title='bbox 520 3545 647 3620; x_wconf 88' lang='lat' dir='ltr'>unione</span> <span class='ocrx_word' id='word_1_278' title='bbox 687 3572 775 3650; x_wconf 87' lang='lat' dir='ltr'>quae</span> <span class='ocrx_word' id='word_1_279' title='bbox 800 3549 860 3624; x_wconf 91' lang='lat' dir='ltr'>bic</span> <span class='ocrx_word' id='word_1_280' title='bbox 897 3551 957 3637; x_wconf 77' lang='lat' dir='ltr'>fit,</span> <span class='ocrx_word' id='word_1_281' title='bbox 985 3551 1092 3626; x_wconf 87' lang='lat' dir='ltr'>libro-</span> <span class='ocrx_word' id='word_1_282' title='bbox 1146 3548 1352 3638; x_wconf 88' lang='lat' dir='ltr'>amminlm,</span> <span class='ocrx_word' id='word_1_283' title='bbox 1387 3573 1446 3623; x_wconf 91' lang='lat' dir='ltr'>seu</span> <span class='ocrx_word' id='word_1_284' title='bbox 1485 3556 1713 3642; x_wconf 82' lang='lat' dir='ltr'>imprecatione</span> <span class='ocrx_word' id='word_1_285' title='bbox 1752 3553 1933 3621; x_wconf 76' lang='lat' dir='ltr'>baeretico-</span> 
     </span>
     <span class='ocr_line' id='line_1_27' title="bbox 304 3655 1936 3766; baseline -0.002 -30"><span class='ocrx_word' id='word_1_286' title='bbox 304 3685 382 3736; x_wconf 93' lang='lat' dir='ltr'>rum</span> <span class='ocrx_word' id='word_1_287' title='bbox 421 3685 509 3766; x_wconf 89' lang='lat' dir='ltr'>quos</span> <span class='ocrx_word' id='word_1_288' title='bbox 537 3655 716 3746; x_wconf 78' lang='lat' dir='ltr'>diximus,</span> <span class='ocrx_word' id='word_1_289' title='bbox 755 3660 815 3764; x_wconf 92' lang='lat' dir='ltr'>qui</span> <span class='ocrx_word' id='word_1_290' title='bbox 845 3685 924 3737; x_wconf 85' lang='lat' dir='ltr'>sunt</span> <span class='ocrx_word' id='word_1_291' title='bbox 962 3662 1092 3739; x_wconf 86' lang='lat' dir='ltr'>funda·</span> <span class='ocrx_word' id='word_1_292' title='bbox 1148 3691 1242 3752; x_wconf 79' lang='lat' dir='ltr'>turn,</span> <span class='ocrx_word' id='word_1_293' title='bbox 1270 3687 1346 3736; x_wconf 90' lang='lat' dir='ltr'>eam</span> <span class='ocrx_word' id='word_1_294' title='bbox 1376 3660 1410 3734; x_wconf 88' lang='lat' dir='ltr'>iu</span> <span class='ocrx_word' id='word_1_295' title='bbox 1440 3660 1570 3766; x_wconf 83' lang='lat' dir='ltr'>lapbne</span> <span class='ocrx_word' id='word_1_296' title='bbox 1600 3660 1712 3736; x_wconf 91' lang='lat' dir='ltr'>multo</span> <span class='ocrx_word' id='word_1_297' title='bbox 1740 3682 1819 3766; x_wconf 88' lang='lat' dir='ltr'>post</span> <span class='ocrx_word' id='word_1_298' title='bbox 1847 3683 1936 3735; x_wconf 90' lang='lat' dir='ltr'>tem·</span> 
     </span>
     <span class='ocr_line' id='line_1_28' title="bbox 305 3769 1933 3881; baseline 0.001 -34"><span class='ocrx_word' id='word_1_299' title='bbox 305 3795 463 3848; x_wconf 88' lang='lat' dir='ltr'>mentum</span> <span class='ocrx_word' id='word_1_300' title='bbox 493 3769 684 3848; x_wconf 87' lang='lat' dir='ltr'>tradrtionis</span> <span class='ocrx_word' id='word_1_301' title='bbox 702 3774 886 3875; x_wconf 85' lang='lat' dir='ltr'>sapientiae</span> <span class='ocrx_word' id='word_1_302' title='bbox 900 3774 993 3881; x_wconf 86' lang='lat' dir='ltr'>apud</span> <span class='ocrx_word' id='word_1_303' title='bbox 1010 3803 1092 3851; x_wconf 87' lang='lat' dir='ltr'>orn-</span> <span class='ocrx_word' id='word_1_304' title='bbox 1149 3801 1233 3880; x_wconf 89' lang='lat' dir='ltr'>pore</span> <span class='ocrx_word' id='word_1_305' title='bbox 1272 3774 1375 3849; x_wconf 84' lang='lat' dir='ltr'>fuisse</span> <span class='ocrx_word' id='word_1_306' title='bbox 1403 3773 1651 3860; x_wconf 84' lang='lat' dir='ltr'>constitutam,</span> <span class='ocrx_word' id='word_1_307' title='bbox 1685 3770 1817 3852; x_wconf 75' lang='lat' dir='ltr'>numi</span> <span class='ocrx_word' id='word_1_308' title='bbox 1861 3795 1933 3868; x_wconf 72' lang='lat' dir='ltr'>nnn</span> 
     </span>
     <span class='ocr_line' id='line_1_29' title="bbox 305 3881 1934 3994; baseline 0.001 -33"><span class='ocrx_word' id='word_1_309' title='bbox 305 3911 367 3962; x_wconf 89' lang='lat' dir='ltr'>nes</span> <span class='ocrx_word' id='word_1_310' title='bbox 395 3885 565 3990; x_wconf 82' lang='lat' dir='ltr'>sapientes</span> <span class='ocrx_word' id='word_1_311' title='bbox 594 3881 717 3960; x_wconf 86' lang='lat' dir='ltr'>corde.</span> <span class='ocrx_word' id='word_1_312' title='bbox 744 3888 797 3964; x_wconf 85' lang='lat' dir='ltr'>Ex</span> <span class='ocrx_word' id='word_1_313' title='bbox 827 3887 878 3962; x_wconf 87' lang='lat' dir='ltr'>his</span> <span class='ocrx_word' id='word_1_314' title='bbox 898 3914 1000 3994; x_wconf 91' lang='lat' dir='ltr'>porro</span> <span class='ocrx_word' id='word_1_315' title='bbox 1017 3915 1092 3964; x_wconf 86' lang='lat' dir='ltr'>onr-</span> <span class='ocrx_word' id='word_1_316' title='bbox 1149 3885 1269 3964; x_wconf 73' lang='lat' dir='ltr'>mrbu</span> <span class='ocrx_word' id='word_1_317' title='bbox 1297 3907 1366 3963; x_wconf 64' lang='lat' dir='ltr'>’nr</span> <span class='ocrx_word' id='word_1_318' title='bbox 1405 3884 1500 3976; x_wconf 73' lang='lat' dir='ltr'>nuni</span> <span class='ocrx_word' id='word_1_319' title='bbox 1528 3884 1640 3962; x_wconf 63' lang='lat' dir='ltr'>nunu</span> <span class='ocrx_word' id='word_1_320' title='bbox 1679 3907 1783 3963; x_wconf 60' lang='lat' dir='ltr'>*nnn</span> <span class='ocrx_word' id='word_1_321' title='bbox 1811 3907 1860 3962; x_wconf 82' lang='lat' dir='ltr'>tur</span> <span class='ocrx_word' id='word_1_322' title='bbox 1888 3883 1934 3963; x_wconf 68' lang='lat' dir='ltr'>itu</span> 
     </span>
     <span class='ocr_line' id='line_1_30' title="bbox 307 3987 1933 4106; baseline -0.001 -34"><span class='ocrx_word' id='word_1_323' title='bbox 307 3995 410 4073; x_wconf 92' lang='lat' dir='ltr'>nibus</span> <span class='ocrx_word' id='word_1_324' title='bbox 438 3994 665 4101; x_wconf 83' lang='lat' dir='ltr'>intelligitur,</span> <span class='ocrx_word' id='word_1_325' title='bbox 692 3995 787 4099; x_wconf 90' lang='lat' dir='ltr'>quod</span> <span class='ocrx_word' id='word_1_326' title='bbox 817 3999 928 4074; x_wconf 86' lang='lat' dir='ltr'>omnis</span> <span class='ocrx_word' id='word_1_327' title='bbox 957 4002 1013 4074; x_wconf 88' lang='lat' dir='ltr'>vir</span> <span class='ocrx_word' id='word_1_328' title='bbox 1031 3987 1105 4106; x_wconf 88' lang='lat' dir='ltr'>qui</span> <span class='ocrx_word' id='word_1_329' title='bbox 1149 4023 1240 4076; x_wconf 65' lang='lat' dir='ltr'>mni</span> <span class='ocrx_word' id='word_1_330' title='bbox 1281 4019 1382 4072; x_wconf 83' lang='lat' dir='ltr'>aetate</span> <span class='ocrx_word' id='word_1_331' title='bbox 1416 4009 1575 4092; x_wconf 77' lang='lat' dir='ltr'>proxima</span> <span class='ocrx_word' id='word_1_332' title='bbox 1613 4003 1828 4084; x_wconf 81' lang='lat' dir='ltr'>educationi,</span> <span class='ocrx_word' id='word_1_333' title='bbox 1876 3995 1933 4072; x_wconf 87' lang='lat' dir='ltr'>vel</span> 
     </span>
     <span class='ocr_line' id='line_1_31' title="bbox 306 4106 1934 4214; baseline -0.003 -27"><span class='ocrx_word' id='word_1_334' title='bbox 306 4107 421 4214; x_wconf 81' lang='lat' dir='ltr'>diligit</span> <span class='ocrx_word' id='word_1_335' title='bbox 463 4106 574 4214; x_wconf 87' lang='lat' dir='ltr'>legem</span> <span class='ocrx_word' id='word_1_336' title='bbox 615 4127 650 4179; x_wconf 89' lang='lat' dir='ltr'>et</span> <span class='ocrx_word' id='word_1_337' title='bbox 678 4106 777 4183; x_wconf 86' lang='lat' dir='ltr'>discit</span> <span class='ocrx_word' id='word_1_338' title='bbox 818 4108 851 4182; x_wconf 91' lang='lat' dir='ltr'>in</span> <span class='ocrx_word' id='word_1_339' title='bbox 882 4111 951 4186; x_wconf 91' lang='lat' dir='ltr'>hoc</span> <span class='ocrx_word' id='word_1_340' title='bbox 979 4110 1093 4198; x_wconf 92' lang='lat' dir='ltr'>libro,</span> <span class='ocrx_word' id='word_1_341' title='bbox 1144 4118 1313 4208; x_wconf 79' lang='lat' dir='ltr'>progeniei</span> <span class='ocrx_word' id='word_1_342' title='bbox 1340 4135 1400 4184; x_wconf 91' lang='lat' dir='ltr'>scu</span> <span class='ocrx_word' id='word_1_343' title='bbox 1429 4114 1601 4202; x_wconf 80' lang='lat' dir='ltr'>discipulis</span> <span class='ocrx_word' id='word_1_344' title='bbox 1635 4114 1716 4185; x_wconf 81' lang='lat' dir='ltr'>lesu</span> <span class='ocrx_word' id='word_1_345' title='bbox 1745 4115 1934 4206; x_wconf 57' lang='lat' dir='ltr'>Nazaraei,</span> 
     </span>
     <span class='ocr_line' id='line_1_32' title="bbox 306 4216 1937 4328; baseline -0.003 -33"><span class='ocrx_word' id='word_1_346' title='bbox 306 4243 488 4328; x_wconf 85' lang='lat' dir='ltr'>cognoscet</span> <span class='ocrx_word' id='word_1_347' title='bbox 529 4216 726 4325; x_wconf 74' lang='lat' dir='ltr'>cognitione</span> <span class='ocrx_word' id='word_1_348' title='bbox 771 4245 882 4324; x_wconf 87' lang='lat' dir='ltr'>pura,</span> <span class='ocrx_word' id='word_1_349' title='bbox 920 4221 1015 4328; x_wconf 90' lang='lat' dir='ltr'>quod</span> <span class='ocrx_word' id='word_1_350' title='bbox 1047 4249 1093 4299; x_wconf 82' lang='lat' dir='ltr'>ex</span> <span class='ocrx_word' id='word_1_351' title='bbox 1150 4232 1208 4320; x_wconf 81' lang='lat' dir='ltr'>qui</span> <span class='ocrx_word' id='word_1_352' title='bbox 1236 4228 1415 4310; x_wconf 81' lang='lat' dir='ltr'>docuerunt</span> <span class='ocrx_word' id='word_1_353' title='bbox 1438 4243 1619 4316; x_wconf 75' lang='lat' dir='ltr'>pervertere</span> <span class='ocrx_word' id='word_1_354' title='bbox 1648 4225 1745 4294; x_wconf 76' lang='lat' dir='ltr'>verba</span> <span class='ocrx_word' id='word_1_355' title='bbox 1780 4225 1852 4295; x_wconf 87' lang='lat' dir='ltr'>Dei</span> <span class='ocrx_word' id='word_1_356' title='bbox 1869 4228 1937 4316; x_wconf 70' lang='lat' dir='ltr'>yi-</span> 
     </span>
     <span class='ocr_line' id='line_1_33' title="bbox 306 4329 1937 4441; baseline -0.004 -31"><span class='ocrx_word' id='word_1_357' title='bbox 306 4360 350 4410; x_wconf 89' lang='lat' dir='ltr'>eo</span> <span class='ocrx_word' id='word_1_358' title='bbox 378 4330 553 4441; x_wconf 86' lang='lat' dir='ltr'>egreditur</span> <span class='ocrx_word' id='word_1_359' title='bbox 581 4329 638 4404; x_wconf 86' lang='lat' dir='ltr'>lex</span> <span class='ocrx_word' id='word_1_360' title='bbox 681 4331 856 4422; x_wconf 87' lang='lat' dir='ltr'>ueritatis,</span> <span class='ocrx_word' id='word_1_361' title='bbox 894 4358 928 4410; x_wconf 90' lang='lat' dir='ltr'>et</span> <span class='ocrx_word' id='word_1_362' title='bbox 970 4359 1093 4412; x_wconf 89' lang='lat' dir='ltr'>cuncta</span> <span class='ocrx_word' id='word_1_363' title='bbox 1152 4344 1277 4424; x_wconf 70' lang='lat' dir='ltr'>ventis,</span> <span class='ocrx_word' id='word_1_364' title='bbox 1307 4333 1431 4408; x_wconf 87' lang='lat' dir='ltr'>intacta</span> <span class='ocrx_word' id='word_1_365' title='bbox 1454 4331 1509 4417; x_wconf 84' lang='lat' dir='ltr'>bic</span> <span class='ocrx_word' id='word_1_366' title='bbox 1529 4354 1646 4416; x_wconf 81' lang='lat' dir='ltr'>extat,</span> <span class='ocrx_word' id='word_1_367' title='bbox 1674 4333 1747 4408; x_wconf 92' lang='lat' dir='ltr'>solo</span> <span class='ocrx_word' id='word_1_368' title='bbox 1775 4355 1937 4436; x_wconf 89' lang='lat' dir='ltr'>suppres-</span> 
     </span>
     <span class='ocr_line' id='line_1_34' title="bbox 308 4443 1934 4550; baseline -0.002 -28"><span class='ocrx_word' id='word_1_369' title='bbox 308 4444 412 4522; x_wconf 82' lang='lat' dir='ltr'>uerba</span> <span class='ocrx_word' id='word_1_370' title='bbox 442 4449 515 4548; x_wconf 85' lang='lat' dir='ltr'>ejus</span> <span class='ocrx_word' id='word_1_371' title='bbox 543 4465 623 4521; x_wconf 89' lang='lat' dir='ltr'>suut</span> <span class='ocrx_word' id='word_1_372' title='bbox 654 4443 759 4518; x_wconf 88' lang='lat' dir='ltr'>verba</span> <span class='ocrx_word' id='word_1_373' title='bbox 787 4449 982 4547; x_wconf 85' lang='lat' dir='ltr'>justorum.</span> <span class='ocrx_word' id='word_1_374' title='bbox 1024 4453 1093 4524; x_wconf 85' lang='lat' dir='ltr'>Pax</span> <span class='ocrx_word' id='word_1_375' title='bbox 1152 4473 1191 4522; x_wconf 90' lang='lat' dir='ltr'>so</span> <span class='ocrx_word' id='word_1_376' title='bbox 1220 4444 1360 4522; x_wconf 88' lang='lat' dir='ltr'>nomine</span> <span class='ocrx_word' id='word_1_377' title='bbox 1389 4451 1487 4528; x_wconf 84' lang='lat' dir='ltr'>iesu,</span> <span class='ocrx_word' id='word_1_378' title='bbox 1527 4444 1714 4549; x_wconf 88' lang='lat' dir='ltr'>relictoque</span> <span class='ocrx_word' id='word_1_379' title='bbox 1759 4443 1934 4550; x_wconf 85' lang='lat' dir='ltr'>spatiolo,</span> 
     </span>
     <span class='ocr_line' id='line_1_35' title="bbox 308 4555 1937 4666; baseline -0.004 -29"><span class='ocrx_word' id='word_1_380' title='bbox 308 4581 423 4637; x_wconf 85' lang='lat' dir='ltr'>autem</span> <span class='ocrx_word' id='word_1_381' title='bbox 451 4561 549 4660; x_wconf 76' lang='lat' dir='ltr'>juxte</span> <span class='ocrx_word' id='word_1_382' title='bbox 592 4558 744 4630; x_wconf 88' lang='lat' dir='ltr'>animum</span> <span class='ocrx_word' id='word_1_383' title='bbox 774 4561 847 4658; x_wconf 89' lang='lat' dir='ltr'>ejus</span> <span class='ocrx_word' id='word_1_384' title='bbox 884 4560 945 4665; x_wconf 92' lang='lat' dir='ltr'>qui</span> <span class='ocrx_word' id='word_1_385' title='bbox 974 4559 1093 4637; x_wconf 89' lang='lat' dir='ltr'>scribit</span> <span class='ocrx_word' id='word_1_386' title='bbox 1154 4583 1192 4634; x_wconf 92' lang='lat' dir='ltr'>ut</span> <span class='ocrx_word' id='word_1_387' title='bbox 1222 4558 1456 4666; x_wconf 90' lang='lat' dir='ltr'>suppleretur,</span> <span class='ocrx_word' id='word_1_388' title='bbox 1484 4555 1578 4662; x_wconf 90' lang='lat' dir='ltr'>quod</span> <span class='ocrx_word' id='word_1_389' title='bbox 1609 4581 1673 4633; x_wconf 89' lang='lat' dir='ltr'>nec</span> <span class='ocrx_word' id='word_1_390' title='bbox 1711 4557 1937 4632; x_wconf 87' lang='lat' dir='ltr'>necessarium</span> 
     </span>
     <span class='ocr_line' id='line_1_36' title="bbox 309 4667 1937 4775; baseline -0.002 -29"><span class='ocrx_word' id='word_1_391' title='bbox 309 4669 364 4746; x_wconf 92' lang='lat' dir='ltr'>die</span> <span class='ocrx_word' id='word_1_392' title='bbox 394 4695 434 4746; x_wconf 89' lang='lat' dir='ltr'>vr</span> <span class='ocrx_word' id='word_1_393' title='bbox 476 4669 599 4746; x_wconf 85' lang='lat' dir='ltr'>mensis</span> <span class='ocrx_word' id='word_1_394' title='bbox 639 4667 720 4746; x_wconf 87' lang='lat' dir='ltr'>adar</span> <span class='ocrx_word' id='word_1_395' title='bbox 750 4671 850 4773; x_wconf 90' lang='lat' dir='ltr'>primi</span> <span class='ocrx_word' id='word_1_396' title='bbox 891 4698 982 4753; x_wconf 83' lang='lat' dir='ltr'>anno</span> <span class='ocrx_word' id='word_1_397' title='bbox 1014 4699 1092 4768; x_wconf 75' lang='lat'>244</span> <span class='ocrx_word' id='word_1_398' title='bbox 1153 4698 1227 4760; x_wconf 83' lang='lat' dir='ltr'>est,</span> <span class='ocrx_word' id='word_1_399' title='bbox 1254 4687 1508 4775; x_wconf 30' lang='lat' dir='ltr'>cum-sequens</span> <span class='ocrx_word' id='word_1_400' title='bbox 1537 4668 1698 4746; x_wconf 83' lang='lat' dir='ltr'>Nazareni</span> <span class='ocrx_word' id='word_1_401' title='bbox 1730 4668 1937 4745; x_wconf 88' lang='lat' dir='ltr'>vocabulum</span> 
     </span>
     <span class='ocr_line' id='line_1_37' title="bbox 309 4780 1939 4890; baseline -0.002 -31"><span class='ocrx_word' id='word_1_402' title='bbox 309 4785 450 4859; x_wconf 88' lang='lat' dir='ltr'>minoris</span> <span class='ocrx_word' id='word_1_403' title='bbox 490 4807 609 4869; x_wconf 84' lang='lat' dir='ltr'>aerae,</span> <span class='ocrx_word' id='word_1_404' title='bbox 654 4780 786 4860; x_wconf 89' lang='lat' dir='ltr'>minimi</span> <span class='ocrx_word' id='word_1_405' title='bbox 826 4783 996 4860; x_wconf 85' lang='lat' dir='ltr'>Gabrielis</span> <span class='ocrx_word' id='word_1_406' title='bbox 1035 4783 1097 4860; x_wconf 86' lang='lat' dir='ltr'>filii</span> <span class='ocrx_word' id='word_1_407' title='bbox 1152 4806 1268 4890; x_wconf 83' lang='lat' dir='ltr'>aperte</span> <span class='ocrx_word' id='word_1_408' title='bbox 1309 4782 1394 4858; x_wconf 92' lang='lat' dir='ltr'>illud</span> <span class='ocrx_word' id='word_1_409' title='bbox 1435 4780 1582 4888; x_wconf 84' lang='lat' dir='ltr'>postulet</span> <span class='ocrx_word' id='word_1_410' title='bbox 1611 4808 1644 4859; x_wconf 93' lang='lat' dir='ltr'>et</span> <span class='ocrx_word' id='word_1_411' title='bbox 1682 4780 1939 4888; x_wconf 84' lang='lat' dir='ltr'>subintelligat.</span> 
     </span>
     <span class='ocr_line' id='line_1_38' title="bbox 308 4893 1939 5006; baseline -0.002 -32"><span class='ocrx_word' id='word_1_412' title='bbox 308 4900 349 4974; x_wconf 86' lang='lat' dir='ltr'>R.</span> <span class='ocrx_word' id='word_1_413' title='bbox 378 4895 520 4972; x_wconf 76' lang='lat' dir='ltr'>baronis</span> <span class='ocrx_word' id='word_1_414' title='bbox 548 4893 603 4970; x_wconf 90' lang='lat' dir='ltr'>fel.</span> <span class='ocrx_word' id='word_1_415' title='bbox 637 4919 740 4970; x_wconf 88' lang='lat' dir='ltr'>mern.</span> <span class='ocrx_word' id='word_1_416' title='bbox 768 4897 951 5006; x_wconf 86' lang='lat' dir='ltr'>Strasburg</span> <span class='ocrx_word' id='word_1_417' title='bbox 978 4951 1021 4986; x_wconf 90' lang='lat'>„.</span> <span class='ocrx_word' id='word_1_418' title='bbox 1155 4904 1193 4974; x_wconf 91' lang='lat' dir='ltr'>In</span> <span class='ocrx_word' id='word_1_419' title='bbox 1236 4894 1393 4972; x_wconf 87' lang='lat' dir='ltr'>editione·</span> <span class='ocrx_word' id='word_1_420' title='bbox 1432 4894 1668 4972; x_wconf 88' lang='lat' dir='ltr'>Sablonetensi</span> <span class='ocrx_word' id='word_1_421' title='bbox 1712 4895 1939 4973; x_wconf 87' lang='lat' dir='ltr'>substitutum</span> 
     </span>
    </p>

    <p class='ocr_par' dir='ltr' id='par_1_3' title="bbox 310 5006 1940 5569">
     <span class='ocr_line' id='line_1_39' title="bbox 392 5006 1940 5116; baseline -0.001 -31"><span class='ocrx_word' id='word_1_422' title='bbox 392 5009 476 5085; x_wconf 89' lang='lat' dir='ltr'>Dies</span> <span class='ocrx_word' id='word_1_423' title='bbox 503 5031 545 5081; x_wconf 90' lang='lat' dir='ltr'>vr</span> <span class='ocrx_word' id='word_1_424' title='bbox 586 5007 711 5084; x_wconf 87' lang='lat' dir='ltr'>mensis</span> <span class='ocrx_word' id='word_1_425' title='bbox 752 5009 834 5085; x_wconf 83' lang='lat' dir='ltr'>adar</span> <span class='ocrx_word' id='word_1_426' title='bbox 864 5010 987 5115; x_wconf 89' lang='lat' dir='ltr'>primi,</span> <span class='ocrx_word' id='word_1_427' title='bbox 1026 5037 1098 5116; x_wconf 94' lang='lat' dir='ltr'>quo</span> <span class='ocrx_word' id='word_1_428' title='bbox 1156 5035 1207 5088; x_wconf 90' lang='lat' dir='ltr'>est</span> <span class='ocrx_word' id='word_1_429' title='bbox 1236 5030 1320 5087; x_wconf 79' lang='lat' dir='ltr'>nrttn</span> <span class='ocrx_word' id='word_1_430' title='bbox 1348 5031 1419 5084; x_wconf 79' lang='lat' dir='ltr'>mne</span> <span class='ocrx_word' id='word_1_431' title='bbox 1457 5006 1503 5087; x_wconf 69' lang='lat' dir='ltr'>‘int</span> <span class='ocrx_word' id='word_1_432' title='bbox 1542 5019 1605 5084; x_wconf 78' lang='lat' dir='ltr'>viri</span> <span class='ocrx_word' id='word_1_433' title='bbox 1632 5014 1746 5097; x_wconf 86' lang='lat' dir='ltr'>illius,</span> <span class='ocrx_word' id='word_1_434' title='bbox 1783 5034 1855 5112; x_wconf 93' lang='lat' dir='ltr'>quo</span> <span class='ocrx_word' id='word_1_435' title='bbox 1883 5013 1940 5088; x_wconf 91' lang='lat' dir='ltr'>Je-</span> 
     </span>
     <span class='ocr_line' id='line_1_40' title="bbox 310 5119 1939 5227; baseline -0.001 -31"><span class='ocrx_word' id='word_1_436' title='bbox 310 5119 395 5196; x_wconf 85' lang='lat' dir='ltr'>haec</span> <span class='ocrx_word' id='word_1_437' title='bbox 423 5119 592 5196; x_wconf 89' lang='lat' dir='ltr'>scribebat</span> <span class='ocrx_word' id='word_1_438' title='bbox 620 5143 816 5210; x_wconf 88' lang='lat' dir='ltr'>corrector,</span> <span class='ocrx_word' id='word_1_439' title='bbox 845 5120 962 5198; x_wconf 88' lang='lat' dir='ltr'>incidit</span> <span class='ocrx_word' id='word_1_440' title='bbox 987 5121 1019 5196; x_wconf 91' lang='lat' dir='ltr'>in</span> <span class='ocrx_word' id='word_1_441' title='bbox 1043 5123 1100 5198; x_wconf 91' lang='lat' dir='ltr'>fe·</span> <span class='ocrx_word' id='word_1_442' title='bbox 1156 5149 1234 5199; x_wconf 87' lang='lat' dir='ltr'>sum</span> <span class='ocrx_word' id='word_1_443' title='bbox 1263 5145 1417 5197; x_wconf 89' lang='lat' dir='ltr'>nostrum</span> <span class='ocrx_word' id='word_1_444' title='bbox 1447 5149 1466 5195; x_wconf 86' lang='lat' dir='ltr'>a</span> <span class='ocrx_word' id='word_1_445' title='bbox 1497 5119 1632 5201; x_wconf 85' lang='lat' dir='ltr'>ludaeis</span> <span class='ocrx_word' id='word_1_446' title='bbox 1669 5120 1835 5227; x_wconf 83' lang='lat' dir='ltr'>designari</span> <span class='ocrx_word' id='word_1_447' title='bbox 1875 5145 1939 5194; x_wconf 89' lang='lat' dir='ltr'>no-</span> 
     </span>
     <span class='ocr_line' id='line_1_41' title="bbox 312 5228 1938 5339; baseline -0.001 -29"><span class='ocrx_word' id='word_1_448' title='bbox 312 5233 487 5310; x_wconf 79' lang='lat' dir='ltr'>brunriurn</span> <span class='ocrx_word' id='word_1_449' title='bbox 530 5258 681 5308; x_wconf 86' lang='lat' dir='ltr'>nostrum</span> <span class='ocrx_word' id='word_1_450' title='bbox 728 5234 808 5307; x_wconf 86' lang='lat' dir='ltr'>anni</span> <span class='ocrx_word' id='word_1_451' title='bbox 862 5238 985 5330; x_wconf 81' lang='lat'><em>1484.</em></span> <span class='ocrx_word' id='word_1_452' title='bbox 1027 5235 1094 5312; x_wconf 87' lang='lat' dir='ltr'>Sed</span> <span class='ocrx_word' id='word_1_453' title='bbox 1155 5237 1321 5310; x_wconf 89' lang='lat' dir='ltr'>tissimum</span> <span class='ocrx_word' id='word_1_454' title='bbox 1350 5257 1422 5317; x_wconf 87' lang='lat' dir='ltr'>est,</span> <span class='ocrx_word' id='word_1_455' title='bbox 1450 5233 1602 5339; x_wconf 88' lang='lat' dir='ltr'>legitque</span> <span class='ocrx_word' id='word_1_456' title='bbox 1631 5233 1665 5306; x_wconf 93' lang='lat' dir='ltr'>iu</span> <span class='ocrx_word' id='word_1_457' title='bbox 1694 5231 1816 5337; x_wconf 84' lang='lat' dir='ltr'>singul.</span> <span class='ocrx_word' id='word_1_458' title='bbox 1846 5228 1938 5309; x_wconf 67' lang='lat' dir='ltr'>‘eninr</span> 
     </span>
     <span class='ocr_line' id='line_1_42' title="bbox 311 5344 1940 5450; baseline -0.001 -30"><span class='ocrx_word' id='word_1_459' title='bbox 311 5344 384 5422; x_wconf 88' lang='lat' dir='ltr'>dies</span> <span class='ocrx_word' id='word_1_460' title='bbox 413 5372 469 5424; x_wconf 84' lang='lat' dir='ltr'>xx</span> <span class='ocrx_word' id='word_1_461' title='bbox 499 5347 623 5421; x_wconf 86' lang='lat' dir='ltr'>mensis</span> <span class='ocrx_word' id='word_1_462' title='bbox 666 5344 807 5430; x_wconf 87' lang='lat' dir='ltr'>teberlt,</span> <span class='ocrx_word' id='word_1_463' title='bbox 842 5373 913 5450; x_wconf 91' lang='lat' dir='ltr'>quo</span> <span class='ocrx_word' id='word_1_464' title='bbox 942 5346 1097 5423; x_wconf 85' lang='lat' dir='ltr'>absoluta</span> <span class='ocrx_word' id='word_1_465' title='bbox 1154 5359 1212 5445; x_wconf 83' lang='lat' dir='ltr'>qui</span> <span class='ocrx_word' id='word_1_466' title='bbox 1242 5351 1374 5435; x_wconf 83' lang='lat' dir='ltr'>docuit,</span> <span class='ocrx_word' id='word_1_467' title='bbox 1408 5344 1513 5420; x_wconf 91' lang='lat' dir='ltr'>verbo</span> <span class='ocrx_word' id='word_1_468' title='bbox 1541 5345 1581 5418; x_wconf 91' lang='lat' dir='ltr'>ad</span> <span class='ocrx_word' id='word_1_469' title='bbox 1612 5352 1723 5426; x_wconf 84' lang='lat' dir='ltr'>iesum</span> <span class='ocrx_word' id='word_1_470' title='bbox 1753 5346 1864 5448; x_wconf 91' lang='lat' dir='ltr'>ipsum</span> <span class='ocrx_word' id='word_1_471' title='bbox 1888 5369 1940 5418; x_wconf 88' lang='lat' dir='ltr'>re·</span> 
     </span>
     <span class='ocr_line' id='line_1_43' title="bbox 312 5451 1938 5569; baseline -0.002 -36"><span class='ocrx_word' id='word_1_472' title='bbox 312 5457 438 5536; x_wconf 92' lang='lat' dir='ltr'>dicitur</span> <span class='ocrx_word' id='word_1_473' title='bbox 466 5458 576 5536; x_wconf 91' lang='lat' dir='ltr'>editio</span> <span class='ocrx_word' id='word_1_474' title='bbox 618 5457 654 5532; x_wconf 91' lang='lat' dir='ltr'>in</span> <span class='ocrx_word' id='word_1_475' title='bbox 682 5459 791 5563; x_wconf 88' lang='lat' dir='ltr'>prima</span> <span class='ocrx_word' id='word_1_476' title='bbox 819 5459 1008 5569; x_wconf 83' lang='lat' dir='ltr'>epigraphe</span> <span class='ocrx_word' id='word_1_477' title='bbox 1037 5466 1097 5541; x_wconf 89' lang='lat' dir='ltr'>Jo-</span> <span class='ocrx_word' id='word_1_478' title='bbox 1154 5460 1245 5535; x_wconf 85' lang='lat' dir='ltr'>lato.</span> <span class='ocrx_word' id='word_1_479' title='bbox 1286 5465 1337 5534; x_wconf 83' lang='lat' dir='ltr'>Ac</span> <span class='ocrx_word' id='word_1_480' title='bbox 1373 5455 1467 5532; x_wconf 88' lang='lat' dir='ltr'>illam</span> <span class='ocrx_word' id='word_1_481' title='bbox 1506 5454 1647 5562; x_wconf 90' lang='lat' dir='ltr'>quidem</span> <span class='ocrx_word' id='word_1_482' title='bbox 1677 5451 1839 5564; x_wconf 89' lang='lat' dir='ltr'>precandi</span> <span class='ocrx_word' id='word_1_483' title='bbox 1868 5453 1938 5530; x_wconf 88' lang='lat' dir='ltr'>for-</span> 
     </span>
    </p>

    <p class='ocr_par' dir='ltr' id='par_1_4' title="bbox 1640 5597 1793 5656">
     <span class='ocr_line' id='line_1_44' title="bbox 1640 5597 1793 5656; baseline -0.013 0"><span class='ocrx_word' id='word_1_484' title='bbox 1640 5651 1642 5656; x_wconf 92' lang='lat'><em>.</em></span> <span class='ocrx_word' id='word_1_485' title='bbox 1697 5597 1714 5654; x_wconf 91' lang='lat'><strong>5</strong></span> <span class='ocrx_word' id='word_1_486' title='bbox 1787 5601 1793 5608; x_wconf 87' lang='lat'>&#39;</span> 
     </span>
    </p>
   </div>
   <div class='ocr_carea' id='block_1_3' title="bbox 0 0 2639 7090">
    <p class='ocr_par' dir='ltr' id='par_1_5' title="bbox 0 0 2639 7090">
     <span class='ocr_line' id='line_1_45' title="bbox 0 0 2639 7090; baseline 0 0"><span class='ocrx_word' id='word_1_487' title='bbox 0 0 2639 7090; x_wconf 95' lang='lat' dir='ltr'> </span> 
     </span>
    </p>
   </div>
  </div>
 </body>
</html>
