<?xml version="1.0" encoding="UTF-8"?>
<!DOCTYPE html PUBLIC "-//W3C//DTD XHTML 1.0 Transitional//EN"
    "http://www.w3.org/TR/xhtml1/DTD/xhtml1-transitional.dtd">
<html xmlns="http://www.w3.org/1999/xhtml" xml:lang="en" lang="en">
 <head>
  <title>
</title>
<meta http-equiv="Content-Type" content="text/html;charset=utf-8" />
  <meta name='ocr-system' content='tesseract 3.04.00' />
  <meta name='ocr-capabilities' content='ocr_page ocr_carea ocr_par ocr_line ocrx_word'/>
</head>
<body>
  <div class='ocr_page' id='page_1' title='image "./annaleshebraeot00rossgoog_0062.png"; bbox 0 0 5222 7090; ppageno 0'>
   <div class='ocr_carea' id='block_1_1' title="bbox 697 733 1901 836">
    <p class='ocr_par' dir='ltr' id='par_1_1' title="bbox 697 733 1901 836">
     <span class='ocr_line' id='line_1_1' title="bbox 697 733 1901 836; baseline -0.002 -26"><span class='ocrx_word' id='word_1_1' title='bbox 697 761 749 836; x_wconf 61' lang='grc' dir='ltr'>μ</span> <span class='ocrx_word' id='word_1_2' title='bbox 1120 733 1488 811; x_wconf 67' lang='lat' dir='ltr'>annates</span> <span class='ocrx_word' id='word_1_3' title='bbox 1546 734 1901 810; x_wconf 72' lang='lat' dir='ltr'>tren-rra.</span> 
     </span>
    </p>
   </div>
   <div class='ocr_carea' id='block_1_2' title="bbox 570 905 2342 5544">
    <p class='ocr_par' dir='ltr' id='par_1_2' title="bbox 680 905 2327 1580">
     <span class='ocr_line' id='line_1_2' title="bbox 697 905 2325 1016; baseline -0.005 -26"><span class='ocrx_word' id='word_1_4' title='bbox 697 909 738 990; x_wconf 70' lang='lat' dir='ltr'>‘an</span> <span class='ocrx_word' id='word_1_5' title='bbox 765 905 830 996; x_wconf 71' lang='lat' dir='ltr'>iste</span> <span class='ocrx_word' id='word_1_6' title='bbox 859 933 1001 993; x_wconf 61' lang='lat' dir='ltr'>ransart</span> <span class='ocrx_word' id='word_1_7' title='bbox 1040 931 1148 988; x_wconf 68' lang='lat' dir='ltr'>tanton</span> <span class='ocrx_word' id='word_1_8' title='bbox 1190 933 1265 990; x_wconf 81' lang='lat' dir='ltr'>nt&#39;tn</span> <span class='ocrx_word' id='word_1_9' title='bbox 1304 929 1372 988; x_wconf 61' lang='lat' dir='ltr'>:aa</span> <span class='ocrx_word' id='word_1_10' title='bbox 1409 931 1479 989; x_wconf 65' lang='lat' dir='ltr'>nutu</span> <span class='ocrx_word' id='word_1_11' title='bbox 1534 909 1661 1016; x_wconf 89' lang='lat' dir='ltr'>judicia</span> <span class='ocrx_word' id='word_1_12' title='bbox 1687 913 1783 1015; x_wconf 86' lang='lat' dir='ltr'>ejus?</span> <span class='ocrx_word' id='word_1_13' title='bbox 1812 906 2028 1012; x_wconf 84' lang='lat' dir='ltr'>vocavitque</span> <span class='ocrx_word' id='word_1_14' title='bbox 2058 907 2169 986; x_wconf 87' lang='lat' dir='ltr'>filium</span> <span class='ocrx_word' id='word_1_15' title='bbox 2199 932 2325 996; x_wconf 92' lang='lat' dir='ltr'>suum,</span> 
     </span>
     <span class='ocr_line' id='line_1_3' title="bbox 680 1011 2321 1127; baseline -0.004 -26"><span class='ocrx_word' id='word_1_16' title='bbox 680 1011 768 1104; x_wconf 67' lang='lat' dir='ltr'>&#39;nutet</span> <span class='ocrx_word' id='word_1_17' title='bbox 809 1046 869 1104; x_wconf 54' lang='lat' dir='ltr'>nete</span> <span class='ocrx_word' id='word_1_18' title='bbox 904 1022 945 1101; x_wconf 72' lang='lat' dir='ltr'>ln</span> <span class='ocrx_word' id='word_1_19' title='bbox 987 1021 1053 1100; x_wconf 74' lang='lat' dir='ltr'>alu</span> <span class='ocrx_word' id='word_1_20' title='bbox 1081 1022 1142 1102; x_wconf 67' lang='lat' dir='ltr'>lan</span> <span class='ocrx_word' id='word_1_21' title='bbox 1180 1043 1275 1116; x_wconf 67' lang='lat' dir='ltr'>ratast*</span> <span class='ocrx_word' id='word_1_22' title='bbox 1316 1021 1356 1100; x_wconf 69' lang='lat' dir='ltr'>nl</span> <span class='ocrx_word' id='word_1_23' title='bbox 1395 1043 1478 1102; x_wconf 66' lang='lat' dir='ltr'>*nnn</span> <span class='ocrx_word' id='word_1_24' title='bbox 1537 1023 1649 1102; x_wconf 86' lang='lat' dir='ltr'>virum</span> <span class='ocrx_word' id='word_1_25' title='bbox 1690 1024 1726 1100; x_wconf 92' lang='lat' dir='ltr'>in</span> <span class='ocrx_word' id='word_1_26' title='bbox 1764 1021 2046 1120; x_wconf 79' lang='lat' dir='ltr'>cuiusinteriori</span> <span class='ocrx_word' id='word_1_27' title='bbox 2090 1047 2143 1099; x_wconf 88' lang='lat' dir='ltr'>est</span> <span class='ocrx_word' id='word_1_28' title='bbox 2181 1021 2321 1127; x_wconf 89' lang='lat' dir='ltr'>spiritus</span> 
     </span>
     <span class='ocr_line' id='line_1_4' title="bbox 698 1133 2326 1242; baseline -0.007 -24"><span class='ocrx_word' id='word_1_29' title='bbox 698 1157 756 1218; x_wconf 65' lang='lat' dir='ltr'>art*</span> <span class='ocrx_word' id='word_1_30' title='bbox 774 1157 811 1214; x_wconf 83' lang='lat' dir='ltr'>rtt</span> <span class='ocrx_word' id='word_1_31' title='bbox 838 1157 924 1215; x_wconf 75' lang='lat' dir='ltr'>&#39;tnoa</span> <span class='ocrx_word' id='word_1_32' title='bbox 952 1133 1042 1214; x_wconf 67' lang='lat' dir='ltr'>nnn</span> <span class='ocrx_word' id='word_1_33' title='bbox 1069 1157 1113 1212; x_wconf 69' lang='lat' dir='ltr'>nt</span> <span class='ocrx_word' id='word_1_34' title='bbox 1143 1157 1246 1214; x_wconf 77' lang='lat' dir='ltr'>rtnrtn</span> <span class='ocrx_word' id='word_1_35' title='bbox 1273 1157 1352 1214; x_wconf 77' lang='lat' dir='ltr'>tunt</span> <span class='ocrx_word' id='word_1_36' title='bbox 1380 1156 1479 1232; x_wconf 78' lang='lat' dir='ltr'>ttputtt</span> <span class='ocrx_word' id='word_1_37' title='bbox 1534 1138 1621 1225; x_wconf 89' lang='lat' dir='ltr'>Dei,</span> <span class='ocrx_word' id='word_1_38' title='bbox 1650 1137 1839 1242; x_wconf 79' lang='lat' dir='ltr'>sapientem</span> <span class='ocrx_word' id='word_1_39' title='bbox 1862 1139 1901 1209; x_wconf 86' lang='lat' dir='ltr'>R.</span> <span class='ocrx_word' id='word_1_40' title='bbox 1922 1141 2057 1216; x_wconf 85' lang='lat' dir='ltr'>losuam</span> <span class='ocrx_word' id='word_1_41' title='bbox 2080 1133 2326 1220; x_wconf 81' lang='lat' dir='ltr'><strong>Salomonem,</strong></span> 
     </span>
     <span class='ocr_line' id='line_1_5' title="bbox 698 1245 2327 1356; baseline -0.004 -29"><span class='ocrx_word' id='word_1_42' title='bbox 698 1248 751 1327; x_wconf 68' lang='lat' dir='ltr'>int</span> <span class='ocrx_word' id='word_1_43' title='bbox 771 1270 950 1351; x_wconf 69' lang='lat' dir='ltr'>notantia</span> <span class='ocrx_word' id='word_1_44' title='bbox 977 1272 1050 1328; x_wconf 76' lang='lat' dir='ltr'>ean</span> <span class='ocrx_word' id='word_1_45' title='bbox 1077 1272 1158 1328; x_wconf 84' lang='lat' dir='ltr'>uon</span> <span class='ocrx_word' id='word_1_46' title='bbox 1186 1271 1216 1326; x_wconf 64' lang='lat' dir='ltr'>’n</span> <span class='ocrx_word' id='word_1_47' title='bbox 1245 1270 1341 1327; x_wconf 79' lang='lat' dir='ltr'>rnmn</span> <span class='ocrx_word' id='word_1_48' title='bbox 1368 1269 1479 1333; x_wconf 52' lang='lat' dir='ltr'>nunna</span> <span class='ocrx_word' id='word_1_49' title='bbox 1534 1273 1639 1356; x_wconf 80' lang='lat' dir='ltr'>quem</span> <span class='ocrx_word' id='word_1_50' title='bbox 1684 1253 1777 1325; x_wconf 87' lang='lat' dir='ltr'>Deos</span> <span class='ocrx_word' id='word_1_51' title='bbox 1822 1271 1980 1335; x_wconf 89' lang='lat' dir='ltr'>tueatur,</span> <span class='ocrx_word' id='word_1_52' title='bbox 2026 1247 2245 1326; x_wconf 84' lang='lat' dir='ltr'>habitantem</span> <span class='ocrx_word' id='word_1_53' title='bbox 2290 1245 2327 1320; x_wconf 89' lang='lat' dir='ltr'>in</span> 
     </span>
     <span class='ocr_line' id='line_1_6' title="bbox 697 1357 2321 1467; baseline -0.006 -26"><span class='ocrx_word' id='word_1_54' title='bbox 697 1383 766 1441; x_wconf 75' lang='lat' dir='ltr'>nn</span> <span class='ocrx_word' id='word_1_55' title='bbox 785 1383 891 1439; x_wconf 71' lang='lat' dir='ltr'>arnan</span> <span class='ocrx_word' id='word_1_56' title='bbox 919 1383 1006 1439; x_wconf 74' lang='lat' dir='ltr'>unta</span> <span class='ocrx_word' id='word_1_57' title='bbox 1032 1357 1111 1443; x_wconf 75' lang='lat' dir='ltr'>‘tint</span> <span class='ocrx_word' id='word_1_58' title='bbox 1139 1383 1269 1457; x_wconf 54' lang='lat' dir='ltr'>mpetu</span> <span class='ocrx_word' id='word_1_59' title='bbox 1295 1382 1366 1439; x_wconf 67' lang='lat' dir='ltr'>*aar</span> <span class='ocrx_word' id='word_1_60' title='bbox 1393 1383 1476 1440; x_wconf 77' lang='lat' dir='ltr'>rant</span> <span class='ocrx_word' id='word_1_61' title='bbox 1516 1363 1620 1440; x_wconf 68' lang='lat' dir='ltr'>›urbe</span> <span class='ocrx_word' id='word_1_62' title='bbox 1662 1360 1828 1454; x_wconf 81' lang='lat' dir='ltr'>Sontini,</span> <span class='ocrx_word' id='word_1_63' title='bbox 1869 1385 2038 1467; x_wconf 90' lang='lat' dir='ltr'>quaeest</span> <span class='ocrx_word' id='word_1_64' title='bbox 2078 1363 2111 1437; x_wconf 93' lang='lat' dir='ltr'>in</span> <span class='ocrx_word' id='word_1_65' title='bbox 2144 1359 2321 1466; x_wconf 85' lang='lat' dir='ltr'>provincia</span> 
     </span>
     <span class='ocr_line' id='line_1_7' title="bbox 695 1471 2323 1580; baseline -0.003 -30"><span class='ocrx_word' id='word_1_66' title='bbox 695 1493 777 1574; x_wconf 74' lang='lat' dir='ltr'>tuprt</span> <span class='ocrx_word' id='word_1_67' title='bbox 799 1474 873 1572; x_wconf 75' lang='lat' dir='ltr'>p&#39;nl</span> <span class='ocrx_word' id='word_1_68' title='bbox 892 1475 970 1551; x_wconf 72' lang='lat' dir='ltr'>t&#39;nt</span> <span class='ocrx_word' id='word_1_69' title='bbox 989 1497 1058 1554; x_wconf 78' lang='lat' dir='ltr'>nrttt</span> <span class='ocrx_word' id='word_1_70' title='bbox 1085 1498 1177 1570; x_wconf 73' lang='lat' dir='ltr'>punt</span> <span class='ocrx_word' id='word_1_71' title='bbox 1203 1495 1266 1550; x_wconf 80' lang='lat' dir='ltr'>mu</span> <span class='ocrx_word' id='word_1_72' title='bbox 1294 1473 1384 1554; x_wconf 73' lang='lat' dir='ltr'>tomi</span> <span class='ocrx_word' id='word_1_73' title='bbox 1410 1496 1477 1553; x_wconf 61' lang='lat' dir='ltr'>turn</span> <span class='ocrx_word' id='word_1_74' title='bbox 1535 1475 1783 1562; x_wconf 75' lang='lat' dir='ltr'>lombardiae,</span> <span class='ocrx_word' id='word_1_75' title='bbox 1825 1497 1859 1550; x_wconf 93' lang='lat' dir='ltr'>et</span> <span class='ocrx_word' id='word_1_76' title='bbox 1889 1474 2062 1580; x_wconf 86' lang='lat' dir='ltr'>praecepit</span> <span class='ocrx_word' id='word_1_77' title='bbox 2103 1474 2138 1550; x_wconf 89' lang='lat' dir='ltr'>ei</span> <span class='ocrx_word' id='word_1_78' title='bbox 2178 1471 2323 1548; x_wconf 85' lang='lat' dir='ltr'>dicens:</span> 
     </span>
    </p>

    <p class='ocr_par' dir='ltr' id='par_1_3' title="bbox 786 1582 2322 1685">
     <span class='ocr_line' id='line_1_8' title="bbox 786 1582 2322 1685; baseline 0.001 -27"><span class='ocrx_word' id='word_1_79' title='bbox 786 1607 981 1685; x_wconf 72' lang='lat' dir='ltr'>pnnututtt</span> <span class='ocrx_word' id='word_1_80' title='bbox 1008 1587 1097 1667; x_wconf 68' lang='lat' dir='ltr'>rit-tit</span> <span class='ocrx_word' id='word_1_81' title='bbox 1125 1610 1201 1682; x_wconf 69' lang='lat' dir='ltr'>tntu</span> <span class='ocrx_word' id='word_1_82' title='bbox 1228 1586 1284 1664; x_wconf 75' lang='lat' dir='ltr'>n&#39;rt</span> <span class='ocrx_word' id='word_1_83' title='bbox 1311 1607 1342 1682; x_wconf 76' lang='lat' dir='ltr'>p</span> <span class='ocrx_word' id='word_1_84' title='bbox 1369 1586 1478 1666; x_wconf 71' lang='lat' dir='ltr'>innan</span> <span class='ocrx_word' id='word_1_85' title='bbox 1534 1613 1573 1668; x_wconf 90' lang='lat' dir='ltr'>tu</span> <span class='ocrx_word' id='word_1_86' title='bbox 1601 1586 1796 1667; x_wconf 83' lang='lat' dir='ltr'>aedificabis</span> <span class='ocrx_word' id='word_1_87' title='bbox 1836 1585 2029 1663; x_wconf 75' lang='lat' dir='ltr'>aedificium</span> <span class='ocrx_word' id='word_1_88' title='bbox 2071 1583 2217 1676; x_wconf 87' lang='lat' dir='ltr'>mundi,</span> <span class='ocrx_word' id='word_1_89' title='bbox 2245 1582 2322 1660; x_wconf 88' lang='lat' dir='ltr'>ele-</span> 
     </span>
    </p>

    <p class='ocr_par' dir='ltr' id='par_1_4' title="bbox 570 1697 2342 5544">
     <span class='ocr_line' id='line_1_9' title="bbox 781 1697 2321 1807; baseline -0.003 -29"><span class='ocrx_word' id='word_1_90' title='bbox 781 1753 805 1793; x_wconf 96' lang='lat'>„</span> <span class='ocrx_word' id='word_1_91' title='bbox 832 1707 921 1778; x_wconf 92' lang='lat' dir='ltr'>Cum</span> <span class='ocrx_word' id='word_1_92' title='bbox 950 1703 1016 1778; x_wconf 91' lang='lat' dir='ltr'>sint</span> <span class='ocrx_word' id='word_1_93' title='bbox 1043 1701 1213 1780; x_wconf 83' lang='lat' dir='ltr'>israelitae</span> <span class='ocrx_word' id='word_1_94' title='bbox 1242 1699 1391 1807; x_wconf 86' lang='lat' dir='ltr'>pecudes</span> <span class='ocrx_word' id='word_1_95' title='bbox 1410 1700 1479 1778; x_wconf 86' lang='lat' dir='ltr'>dis·</span> <span class='ocrx_word' id='word_1_96' title='bbox 1535 1704 1632 1782; x_wconf 82' lang='lat' dir='ltr'>nabis</span> <span class='ocrx_word' id='word_1_97' title='bbox 1660 1726 1788 1779; x_wconf 89' lang='lat' dir='ltr'>cornua</span> <span class='ocrx_word' id='word_1_98' title='bbox 1815 1699 2026 1806; x_wconf 85' lang='lat' dir='ltr'>sapientiae,</span> <span class='ocrx_word' id='word_1_99' title='bbox 2063 1722 2098 1776; x_wconf 92' lang='lat' dir='ltr'>et</span> <span class='ocrx_word' id='word_1_100' title='bbox 2128 1697 2230 1774; x_wconf 87' lang='lat' dir='ltr'>facies</span> <span class='ocrx_word' id='word_1_101' title='bbox 2261 1721 2321 1804; x_wconf 90' lang='lat' dir='ltr'>per</span> 
     </span>
     <span class='ocr_line' id='line_1_10' title="bbox 696 1809 2320 1927; baseline -0.001 -40"><span class='ocrx_word' id='word_1_102' title='bbox 696 1837 814 1920; x_wconf 81' lang='lat' dir='ltr'>persae</span> <span class='ocrx_word' id='word_1_103' title='bbox 854 1818 942 1892; x_wconf 88' lang='lat' dir='ltr'>inter</span> <span class='ocrx_word' id='word_1_104' title='bbox 984 1815 1153 1922; x_wconf 89' lang='lat' dir='ltr'>populos,</span> <span class='ocrx_word' id='word_1_105' title='bbox 1195 1814 1303 1922; x_wconf 90' lang='lat' dir='ltr'>sparsi</span> <span class='ocrx_word' id='word_1_106' title='bbox 1334 1841 1393 1920; x_wconf 92' lang='lat' dir='ltr'>per</span> <span class='ocrx_word' id='word_1_107' title='bbox 1421 1839 1478 1891; x_wconf 88' lang='lat' dir='ltr'>re·</span> <span class='ocrx_word' id='word_1_108' title='bbox 1533 1813 1966 1927; x_wconf 88' lang='lat' dir='ltr'>typographiamlibtos,</span> <span class='ocrx_word' id='word_1_109' title='bbox 2005 1812 2041 1886; x_wconf 92' lang='lat' dir='ltr'>itt</span> <span class='ocrx_word' id='word_1_110' title='bbox 2080 1810 2209 1917; x_wconf 88' lang='lat' dir='ltr'>quibus</span> <span class='ocrx_word' id='word_1_111' title='bbox 2238 1809 2320 1886; x_wconf 86' lang='lat' dir='ltr'>bina</span> 
     </span>
     <span class='ocr_line' id='line_1_11' title="bbox 694 1923 2322 2040; baseline -0.001 -40"><span class='ocrx_word' id='word_1_112' title='bbox 694 1925 841 2033; x_wconf 88' lang='lat' dir='ltr'>gioues,</span> <span class='ocrx_word' id='word_1_113' title='bbox 869 1925 970 2032; x_wconf 89' lang='lat' dir='ltr'>pauci</span> <span class='ocrx_word' id='word_1_114' title='bbox 1000 1925 1078 2015; x_wconf 89' lang='lat' dir='ltr'>ltic,</span> <span class='ocrx_word' id='word_1_115' title='bbox 1116 1929 1217 2035; x_wconf 89' lang='lat' dir='ltr'>pauci</span> <span class='ocrx_word' id='word_1_116' title='bbox 1245 1925 1336 2015; x_wconf 92' lang='lat' dir='ltr'>illic,</span> <span class='ocrx_word' id='word_1_117' title='bbox 1363 1926 1479 2005; x_wconf 87' lang='lat' dir='ltr'>multi·</span> <span class='ocrx_word' id='word_1_118' title='bbox 1534 1933 1744 2040; x_wconf 90' lang='lat' dir='ltr'>reperientur</span> <span class='ocrx_word' id='word_1_119' title='bbox 1788 1924 2057 2003; x_wconf 88' lang='lat' dir='ltr'>manifestissima</span> <span class='ocrx_word' id='word_1_120' title='bbox 2096 1923 2322 2000; x_wconf 91' lang='lat' dir='ltr'>emolumen-</span> 
     </span>
     <span class='ocr_line' id='line_1_12' title="bbox 695 2035 2324 2144; baseline -0.001 -30"><span class='ocrx_word' id='word_1_121' title='bbox 695 2063 764 2142; x_wconf 91' lang='lat' dir='ltr'>que</span> <span class='ocrx_word' id='word_1_122' title='bbox 793 2067 838 2116; x_wconf 84' lang='lat' dir='ltr'>ex</span> <span class='ocrx_word' id='word_1_123' title='bbox 867 2038 1014 2126; x_wconf 77' lang='lat' dir='ltr'>indoctis</span> <span class='ocrx_word' id='word_1_124' title='bbox 1054 2040 1245 2118; x_wconf 82' lang='lat' dir='ltr'>inhabitent</span> <span class='ocrx_word' id='word_1_125' title='bbox 1273 2063 1399 2116; x_wconf 90' lang='lat' dir='ltr'>terram</span> <span class='ocrx_word' id='word_1_126' title='bbox 1427 2041 1479 2114; x_wconf 93' lang='lat' dir='ltr'>in·</span> <span class='ocrx_word' id='word_1_127' title='bbox 1534 2067 1588 2124; x_wconf 82' lang='lat' dir='ltr'>ta.</span> <span class='ocrx_word' id='word_1_128' title='bbox 1608 2044 1755 2121; x_wconf 87' lang='lat' dir='ltr'>alterum</span> <span class='ocrx_word' id='word_1_129' title='bbox 1783 2039 1947 2144; x_wconf 91' lang='lat' dir='ltr'>quidem,</span> <span class='ocrx_word' id='word_1_130' title='bbox 1976 2035 2070 2144; x_wconf 89' lang='lat' dir='ltr'>quod</span> <span class='ocrx_word' id='word_1_131' title='bbox 2092 2036 2174 2114; x_wconf 83' lang='lat' dir='ltr'>fient</span> <span class='ocrx_word' id='word_1_132' title='bbox 2200 2063 2324 2142; x_wconf 90' lang='lat' dir='ltr'>quam·</span> 
     </span>
     <span class='ocr_line' id='line_1_13' title="bbox 695 2147 2324 2260; baseline 0.001 -35"><span class='ocrx_word' id='word_1_133' title='bbox 695 2147 910 2246; x_wconf 86' lang='lat' dir='ltr'>habitatam,</span> <span class='ocrx_word' id='word_1_134' title='bbox 947 2179 1142 2260; x_wconf 83' lang='lat' dir='ltr'>per-quam</span> <span class='ocrx_word' id='word_1_135' title='bbox 1183 2180 1251 2229; x_wconf 90' lang='lat' dir='ltr'>non</span> <span class='ocrx_word' id='word_1_136' title='bbox 1279 2157 1398 2231; x_wconf 81' lang='lat' dir='ltr'>transit</span> <span class='ocrx_word' id='word_1_137' title='bbox 1426 2152 1479 2230; x_wconf 85' lang='lat' dir='ltr'>vir</span> <span class='ocrx_word' id='word_1_138' title='bbox 1534 2157 1697 2236; x_wconf 86' lang='lat' dir='ltr'>citissime</span> <span class='ocrx_word' id='word_1_139' title='bbox 1727 2150 1825 2230; x_wconf 93' lang='lat' dir='ltr'>multi</span> <span class='ocrx_word' id='word_1_140' title='bbox 1856 2177 1902 2229; x_wconf 85' lang='lat' dir='ltr'>etr</span> <span class='ocrx_word' id='word_1_141' title='bbox 1931 2156 2011 2241; x_wconf 87' lang='lat' dir='ltr'>eis,</span> <span class='ocrx_word' id='word_1_142' title='bbox 2039 2147 2150 2226; x_wconf 90' lang='lat' dir='ltr'>donec</span> <span class='ocrx_word' id='word_1_143' title='bbox 2179 2148 2324 2256; x_wconf 89' lang='lat' dir='ltr'>implea-</span> 
     </span>
     <span class='ocr_line' id='line_1_14' title="bbox 696 2261 2325 2376; baseline -0.009 -22"><span class='ocrx_word' id='word_1_144' title='bbox 696 2261 911 2373; x_wconf 69' lang='lat' dir='ltr'>lsstelllgfflst</span> <span class='ocrx_word' id='word_1_145' title='bbox 951 2289 987 2342; x_wconf 90' lang='lat' dir='ltr'>et</span> <span class='ocrx_word' id='word_1_146' title='bbox 1023 2265 1059 2342; x_wconf 76' lang='lat' dir='ltr'>ln</span> <span class='ocrx_word' id='word_1_147' title='bbox 1100 2293 1168 2374; x_wconf 72' lang='lat' dir='ltr'>qua</span> <span class='ocrx_word' id='word_1_148' title='bbox 1197 2293 1265 2342; x_wconf 70' lang='grc' dir='ltr'>Ποῦ</span> <span class='ocrx_word' id='word_1_149' title='bbox 1302 2265 1398 2376; x_wconf 90' lang='lat' dir='ltr'>degit</span> <span class='ocrx_word' id='word_1_150' title='bbox 1424 2270 1477 2345; x_wconf 74' lang='lat' dir='ltr'>vir</span> <span class='ocrx_word' id='word_1_151' title='bbox 1534 2297 1591 2352; x_wconf 90' lang='lat' dir='ltr'>tur</span> <span class='ocrx_word' id='word_1_152' title='bbox 1615 2265 1706 2348; x_wconf 76' lang='lat' dir='ltr'>tetta</span> <span class='ocrx_word' id='word_1_153' title='bbox 1734 2265 1873 2346; x_wconf 88' lang='lat' dir='ltr'>seientia</span> <span class='ocrx_word' id='word_1_154' title='bbox 1904 2263 1958 2340; x_wconf 88' lang='lat' dir='ltr'>vel</span> <span class='ocrx_word' id='word_1_155' title='bbox 1987 2265 2211 2371; x_wconf 86' lang='lat' dir='ltr'>cognitione,</span> <span class='ocrx_word' id='word_1_156' title='bbox 2239 2263 2325 2340; x_wconf 90' lang='lat' dir='ltr'>alte-</span> 
     </span>
     <span class='ocr_line' id='line_1_15' title="bbox 697 2375 2333 2487; baseline 0.001 -37"><span class='ocrx_word' id='word_1_157' title='bbox 697 2375 731 2451; x_wconf 91' lang='lat' dir='ltr'>in</span> <span class='ocrx_word' id='word_1_158' title='bbox 763 2376 896 2483; x_wconf 89' lang='lat' dir='ltr'>gloria,</span> <span class='ocrx_word' id='word_1_159' title='bbox 923 2404 983 2456; x_wconf 89' lang='lat' dir='ltr'>cor</span> <span class='ocrx_word' id='word_1_160' title='bbox 1001 2379 1163 2487; x_wconf 87' lang='lat' dir='ltr'>sapientis</span> <span class='ocrx_word' id='word_1_161' title='bbox 1190 2378 1351 2486; x_wconf 89' lang='lat' dir='ltr'>intelligit</span> <span class='ocrx_word' id='word_1_162' title='bbox 1372 2381 1476 2470; x_wconf 88' lang='lat' dir='ltr'>haec,</span> <span class='ocrx_word' id='word_1_163' title='bbox 1535 2413 1612 2463; x_wconf 88' lang='lat' dir='ltr'>tum</span> <span class='ocrx_word' id='word_1_164' title='bbox 1641 2410 1749 2474; x_wconf 84' lang='lat' dir='ltr'>vero,</span> <span class='ocrx_word' id='word_1_165' title='bbox 1776 2379 1871 2486; x_wconf 87' lang='lat' dir='ltr'>quoti</span> <span class='ocrx_word' id='word_1_166' title='bbox 1890 2404 1959 2454; x_wconf 90' lang='lat' dir='ltr'>non</span> <span class='ocrx_word' id='word_1_167' title='bbox 1977 2377 2137 2453; x_wconf 85' lang='lat' dir='ltr'>ascendet</span> <span class='ocrx_word' id='word_1_168' title='bbox 2166 2378 2333 2484; x_wconf 75' lang='lat' dir='ltr'>pretium·</span> 
     </span>
     <span class='ocr_line' id='line_1_16' title="bbox 592 2489 2337 2602; baseline 0 -36"><span class='ocrx_word' id='word_1_169' title='bbox 592 2533 596 2541; x_wconf 95' lang='lat'><em>·</em></span> <span class='ocrx_word' id='word_1_170' title='bbox 694 2489 945 2596; x_wconf 89' lang='lat' dir='ltr'>perpenditque</span> <span class='ocrx_word' id='word_1_171' title='bbox 988 2493 1023 2568; x_wconf 93' lang='lat' dir='ltr'>in</span> <span class='ocrx_word' id='word_1_172' title='bbox 1052 2491 1194 2600; x_wconf 86' lang='lat' dir='ltr'>speculo</span> <span class='ocrx_word' id='word_1_173' title='bbox 1234 2492 1475 2602; x_wconf 83' lang='lat' dir='ltr'>intelligentiae</span> <span class='ocrx_word' id='word_1_174' title='bbox 1531 2499 1670 2578; x_wconf 89' lang='lat' dir='ltr'>illorum</span> <span class='ocrx_word' id='word_1_175' title='bbox 1698 2497 1741 2574; x_wconf 88' lang='lat' dir='ltr'>ad</span> <span class='ocrx_word' id='word_1_176' title='bbox 1772 2493 1923 2602; x_wconf 91' lang='lat' dir='ltr'>pretium</span> <span class='ocrx_word' id='word_1_177' title='bbox 1954 2515 2074 2566; x_wconf 92' lang='lat' dir='ltr'>eorum</span> <span class='ocrx_word' id='word_1_178' title='bbox 2108 2491 2168 2596; x_wconf 88' lang='lat' dir='ltr'>qui</span> <span class='ocrx_word' id='word_1_179' title='bbox 2191 2489 2337 2593; x_wconf 75' lang='lat' dir='ltr'>calamo¹</span> 
     </span>
     <span class='ocr_line' id='line_1_17' title="bbox 693 2603 2318 2713; baseline 0.001 -37"><span class='ocrx_word' id='word_1_180' title='bbox 693 2626 798 2690; x_wconf 89' lang='lat' dir='ltr'>suae,</span> <span class='ocrx_word' id='word_1_181' title='bbox 825 2605 920 2710; x_wconf 90' lang='lat' dir='ltr'>quod</span> <span class='ocrx_word' id='word_1_182' title='bbox 952 2631 1020 2681; x_wconf 92' lang='lat' dir='ltr'>non</span> <span class='ocrx_word' id='word_1_183' title='bbox 1052 2629 1164 2713; x_wconf 89' lang='lat' dir='ltr'>potest</span> <span class='ocrx_word' id='word_1_184' title='bbox 1193 2632 1277 2713; x_wconf 90' lang='lat' dir='ltr'>puer</span> <span class='ocrx_word' id='word_1_185' title='bbox 1305 2631 1475 2684; x_wconf 90' lang='lat' dir='ltr'>amotusa</span> <span class='ocrx_word' id='word_1_186' title='bbox 1531 2612 1751 2698; x_wconf 89' lang='lat' dir='ltr'>scribuntur,</span> <span class='ocrx_word' id='word_1_187' title='bbox 1792 2631 1850 2682; x_wconf 89' lang='lat' dir='ltr'>aut</span> <span class='ocrx_word' id='word_1_188' title='bbox 1889 2603 1983 2712; x_wconf 88' lang='lat' dir='ltr'>stylo</span> <span class='ocrx_word' id='word_1_189' title='bbox 2022 2603 2131 2680; x_wconf 87' lang='lat' dir='ltr'>ferreo</span> <span class='ocrx_word' id='word_1_190' title='bbox 2163 2627 2198 2678; x_wconf 91' lang='lat' dir='ltr'>et</span> <span class='ocrx_word' id='word_1_191' title='bbox 2227 2629 2318 2680; x_wconf 90' lang='lat' dir='ltr'>stan·</span> 
     </span>
     <span class='ocr_line' id='line_1_18' title="bbox 631 2711 2342 2830; baseline 0.001 -42"><span class='ocrx_word' id='word_1_192' title='bbox 631 2759 633 2764; x_wconf 94' lang='lat'>·</span> <span class='ocrx_word' id='word_1_193' title='bbox 694 2718 857 2821; x_wconf 86' lang='lat' dir='ltr'>sapientia</span> <span class='ocrx_word' id='word_1_194' title='bbox 898 2717 1051 2794; x_wconf 90' lang='lat' dir='ltr'>habitare</span> <span class='ocrx_word' id='word_1_195' title='bbox 1091 2717 1326 2796; x_wconf 89' lang='lat' dir='ltr'>habitaculum</span> <span class='ocrx_word' id='word_1_196' title='bbox 1363 2721 1476 2797; x_wconf 91' lang='lat' dir='ltr'>celso·</span> <span class='ocrx_word' id='word_1_197' title='bbox 1529 2755 1603 2818; x_wconf 93' lang='lat' dir='ltr'>no,</span> <span class='ocrx_word' id='word_1_198' title='bbox 1634 2754 1669 2805; x_wconf 91' lang='lat' dir='ltr'>et</span> <span class='ocrx_word' id='word_1_199' title='bbox 1706 2722 1767 2830; x_wconf 90' lang='lat' dir='ltr'>qui</span> <span class='ocrx_word' id='word_1_200' title='bbox 1806 2746 1874 2796; x_wconf 91' lang='lat' dir='ltr'>uon</span> <span class='ocrx_word' id='word_1_201' title='bbox 1904 2719 2030 2826; x_wconf 91' lang='lat' dir='ltr'>poterit</span> <span class='ocrx_word' id='word_1_202' title='bbox 2059 2715 2221 2823; x_wconf 89' lang='lat' dir='ltr'>pretiosas</span> <span class='ocrx_word' id='word_1_203' title='bbox 2252 2711 2342 2791; x_wconf 77' lang='lat' dir='ltr'>ac-=</span> 
     </span>
     <span class='ocr_line' id='line_1_19' title="bbox 694 2827 2318 2949; baseline 0.001 -47"><span class='ocrx_word' id='word_1_204' title='bbox 694 2853 771 2902; x_wconf 94' lang='lat' dir='ltr'>tum</span> <span class='ocrx_word' id='word_1_205' title='bbox 812 2856 1039 2937; x_wconf 87' lang='lat' dir='ltr'>magnatum,</span> <span class='ocrx_word' id='word_1_206' title='bbox 1079 2856 1112 2908; x_wconf 92' lang='lat' dir='ltr'>et</span> <span class='ocrx_word' id='word_1_207' title='bbox 1152 2858 1238 2909; x_wconf 90' lang='lat' dir='ltr'>stare</span> <span class='ocrx_word' id='word_1_208' title='bbox 1279 2834 1312 2909; x_wconf 89' lang='lat' dir='ltr'>itt</span> <span class='ocrx_word' id='word_1_209' title='bbox 1344 2834 1474 2941; x_wconf 88' lang='lat' dir='ltr'>palatiis</span> <span class='ocrx_word' id='word_1_210' title='bbox 1529 2842 1728 2949; x_wconf 88' lang='lat' dir='ltr'>quisitioues</span> <span class='ocrx_word' id='word_1_211' title='bbox 1757 2834 1888 2924; x_wconf 88' lang='lat' dir='ltr'>facere,</span> <span class='ocrx_word' id='word_1_212' title='bbox 1927 2830 2152 2937; x_wconf 72' lang='lat' dir='ltr'>acquirerent</span> <span class='ocrx_word' id='word_1_213' title='bbox 2182 2830 2222 2906; x_wconf 90' lang='lat' dir='ltr'>iis</span> <span class='ocrx_word' id='word_1_214' title='bbox 2254 2827 2318 2906; x_wconf 88' lang='lat' dir='ltr'>vili</span> 
     </span>
     <span class='ocr_line' id='line_1_20' title="bbox 691 2943 2319 3063; baseline 0.001 -48"><span class='ocrx_word' id='word_1_215' title='bbox 691 2943 917 3043; x_wconf 88' lang='lat' dir='ltr'>jucunditatis</span> <span class='ocrx_word' id='word_1_216' title='bbox 944 2943 1138 3051; x_wconf 83' lang='lat' dir='ltr'>splendoris</span> <span class='ocrx_word' id='word_1_217' title='bbox 1166 2945 1293 3053; x_wconf 90' lang='lat' dir='ltr'>gloriae</span> <span class='ocrx_word' id='word_1_218' title='bbox 1332 2973 1470 3026; x_wconf 91' lang='lat' dir='ltr'>eorum.</span> <span class='ocrx_word' id='word_1_219' title='bbox 1529 2957 1642 3063; x_wconf 82' lang='lat' dir='ltr'>pretio</span> <span class='ocrx_word' id='word_1_220' title='bbox 1670 2979 1705 3030; x_wconf 90' lang='lat' dir='ltr'>et</span> <span class='ocrx_word' id='word_1_221' title='bbox 1740 2975 1804 3056; x_wconf 93' lang='lat' dir='ltr'>pro</span> <span class='ocrx_word' id='word_1_222' title='bbox 1845 2973 1931 3022; x_wconf 90' lang='lat' dir='ltr'>auto</span> <span class='ocrx_word' id='word_1_223' title='bbox 1960 2944 2085 3021; x_wconf 87' lang='lat' dir='ltr'>educet</span> <span class='ocrx_word' id='word_1_224' title='bbox 2113 2967 2319 3048; x_wconf 87' lang='lat' dir='ltr'>argentum.</span> 
     </span>
     <span class='ocr_line' id='line_1_21' title="bbox 692 3055 2314 3172; baseline 0.002 -44"><span class='ocrx_word' id='word_1_225' title='bbox 692 3055 736 3128; x_wconf 86' lang='lat' dir='ltr'>Et</span> <span class='ocrx_word' id='word_1_226' title='bbox 763 3079 851 3150; x_wconf 58' lang='lat' dir='ltr'>sane,</span> <span class='ocrx_word' id='word_1_227' title='bbox 872 3057 955 3133; x_wconf 90' lang='lat' dir='ltr'>haec</span> <span class='ocrx_word' id='word_1_228' title='bbox 984 3059 1161 3134; x_wconf 87' lang='lat' dir='ltr'>infirmitas</span> <span class='ocrx_word' id='word_1_229' title='bbox 1188 3083 1238 3136; x_wconf 91' lang='lat' dir='ltr'>est</span> <span class='ocrx_word' id='word_1_230' title='bbox 1267 3060 1339 3136; x_wconf 88' lang='lat' dir='ltr'>sine</span> <span class='ocrx_word' id='word_1_231' title='bbox 1363 3085 1472 3137; x_wconf 89' lang='lat' dir='ltr'>reme·</span> <span class='ocrx_word' id='word_1_232' title='bbox 1529 3068 1756 3172; x_wconf 79' lang='lat' dir='ltr'>Accimtitque</span> <span class='ocrx_word' id='word_1_233' title='bbox 1798 3087 1834 3138; x_wconf 87' lang='lat' dir='ltr'>se</span> <span class='ocrx_word' id='word_1_234' title='bbox 1877 3057 1967 3158; x_wconf 87' lang='lat' dir='ltr'>lilius</span> <span class='ocrx_word' id='word_1_235' title='bbox 2005 3056 2050 3133; x_wconf 89' lang='lat' dir='ltr'>ad</span> <span class='ocrx_word' id='word_1_236' title='bbox 2092 3079 2314 3162; x_wconf 89' lang='lat' dir='ltr'>praeceptum</span> 
     </span>
     <span class='ocr_line' id='line_1_22' title="bbox 692 3161 2316 3288; baseline -0.009 -30"><span class='ocrx_word' id='word_1_237' title='bbox 692 3161 776 3258; x_wconf 85' lang='lat' dir='ltr'>dio,</span> <span class='ocrx_word' id='word_1_238' title='bbox 805 3195 868 3244; x_wconf 71' lang='lat' dir='ltr'>nec</span> <span class='ocrx_word' id='word_1_239' title='bbox 897 3169 1079 3260; x_wconf 64' lang='lat' dir='ltr'>sanabilis,</span> <span class='ocrx_word' id='word_1_240' title='bbox 1119 3172 1181 3248; x_wconf 69' lang='lat' dir='ltr'>sslssl</span> <span class='ocrx_word' id='word_1_241' title='bbox 1210 3171 1244 3248; x_wconf 75' lang='lat' dir='ltr'>ln</span> <span class='ocrx_word' id='word_1_242' title='bbox 1274 3198 1343 3263; x_wconf 66' lang='lat' dir='ltr'>eo,</span> <span class='ocrx_word' id='word_1_243' title='bbox 1372 3177 1470 3276; x_wconf 72' lang='lat' dir='ltr'>quus</span> <span class='ocrx_word' id='word_1_244' title='bbox 1527 3181 1653 3288; x_wconf 88' lang='lat' dir='ltr'>patris,</span> <span class='ocrx_word' id='word_1_245' title='bbox 1681 3201 1716 3257; x_wconf 87' lang='lat' dir='ltr'>et</span> <span class='ocrx_word' id='word_1_246' title='bbox 1744 3171 1891 3254; x_wconf 89' lang='lat' dir='ltr'>contulit</span> <span class='ocrx_word' id='word_1_247' title='bbox 1919 3197 1954 3248; x_wconf 84' lang='lat' dir='ltr'>se</span> <span class='ocrx_word' id='word_1_248' title='bbox 1982 3169 2129 3248; x_wconf 87' lang='lat' dir='ltr'>domum</span> <span class='ocrx_word' id='word_1_249' title='bbox 2159 3192 2197 3246; x_wconf 88' lang='lat' dir='ltr'>ut</span> <span class='ocrx_word' id='word_1_250' title='bbox 2223 3167 2316 3274; x_wconf 82' lang='lat' dir='ltr'>face·</span> 
     </span>
     <span class='ocr_line' id='line_1_23' title="bbox 692 3281 2314 3401; baseline 0.005 -48"><span class='ocrx_word' id='word_1_251' title='bbox 692 3304 751 3354; x_wconf 92' lang='lat' dir='ltr'>cor</span> <span class='ocrx_word' id='word_1_252' title='bbox 779 3305 938 3386; x_wconf 90' lang='lat' dir='ltr'>paratum</span> <span class='ocrx_word' id='word_1_253' title='bbox 967 3305 1018 3359; x_wconf 89' lang='lat' dir='ltr'>est</span> <span class='ocrx_word' id='word_1_254' title='bbox 1045 3281 1180 3360; x_wconf 88' lang='lat' dir='ltr'>erudire</span> <span class='ocrx_word' id='word_1_255' title='bbox 1221 3310 1257 3362; x_wconf 90' lang='lat' dir='ltr'>se</span> <span class='ocrx_word' id='word_1_256' title='bbox 1286 3286 1334 3361; x_wconf 87' lang='lat' dir='ltr'>itt</span> <span class='ocrx_word' id='word_1_257' title='bbox 1350 3286 1494 3376; x_wconf 71' lang='lat' dir='ltr'>libris,</span> <span class='ocrx_word' id='word_1_258' title='bbox 1529 3319 1581 3371; x_wconf 77' lang='lat' dir='ltr'>ret</span> <span class='ocrx_word' id='word_1_259' title='bbox 1608 3320 1695 3401; x_wconf 83' lang='lat' dir='ltr'>opus</span> <span class='ocrx_word' id='word_1_260' title='bbox 1721 3317 1844 3376; x_wconf 86' lang='lat' dir='ltr'>suum,</span> <span class='ocrx_word' id='word_1_261' title='bbox 1871 3312 1959 3390; x_wconf 92' lang='lat' dir='ltr'>opus</span> <span class='ocrx_word' id='word_1_262' title='bbox 1982 3285 2070 3360; x_wconf 86' lang='lat' dir='ltr'>Dei·</span> <span class='ocrx_word' id='word_1_263' title='bbox 2089 3287 2130 3358; x_wconf 85' lang='lat' dir='ltr'>Et</span> <span class='ocrx_word' id='word_1_264' title='bbox 2146 3283 2314 3390; x_wconf 87' lang='lat' dir='ltr'>quoniam</span> 
     </span>
     <span class='ocr_line' id='line_1_24' title="bbox 692 3387 2315 3512; baseline 0.002 -46"><span class='ocrx_word' id='word_1_265' title='bbox 692 3387 819 3470; x_wconf 83' lang='lat' dir='ltr'>faciens</span> <span class='ocrx_word' id='word_1_266' title='bbox 847 3393 911 3470; x_wconf 90' lang='lat' dir='ltr'>sibi</span> <span class='ocrx_word' id='word_1_267' title='bbox 938 3393 1045 3472; x_wconf 92' lang='lat' dir='ltr'>libros</span> <span class='ocrx_word' id='word_1_268' title='bbox 1086 3395 1231 3474; x_wconf 90' lang='lat' dir='ltr'>multos.</span> <span class='ocrx_word' id='word_1_269' title='bbox 1277 3401 1343 3475; x_wconf 91' lang='lat' dir='ltr'>Hic</span> <span class='ocrx_word' id='word_1_270' title='bbox 1370 3427 1473 3477; x_wconf 82' lang='lat' dir='ltr'>eatur·</span> <span class='ocrx_word' id='word_1_271' title='bbox 1529 3408 1638 3485; x_wconf 86' lang='lat' dir='ltr'>virtus</span> <span class='ocrx_word' id='word_1_272' title='bbox 1668 3407 1803 3512; x_wconf 90' lang='lat' dir='ltr'>pietatis</span> <span class='ocrx_word' id='word_1_273' title='bbox 1830 3422 1977 3505; x_wconf 84' lang='lat' dir='ltr'>occupat</span> <span class='ocrx_word' id='word_1_274' title='bbox 2004 3423 2111 3483; x_wconf 90' lang='lat' dir='ltr'>eum,</span> <span class='ocrx_word' id='word_1_275' title='bbox 2142 3421 2178 3474; x_wconf 90' lang='lat' dir='ltr'>et</span> <span class='ocrx_word' id='word_1_276' title='bbox 2209 3399 2315 3472; x_wconf 89' lang='lat' dir='ltr'>bene·</span> 
     </span>
     <span class='ocr_line' id='line_1_25' title="bbox 690 3503 2317 3615; baseline 0.004 -38"><span class='ocrx_word' id='word_1_277' title='bbox 690 3503 743 3611; x_wconf 89' lang='lat' dir='ltr'>git</span> <span class='ocrx_word' id='word_1_278' title='bbox 771 3503 816 3580; x_wconf 85' lang='lat' dir='ltr'>ad</span> <span class='ocrx_word' id='word_1_279' title='bbox 846 3510 1158 3615; x_wconf 45' lang='lat' dir='ltr'>nocetn&#39;passeris,</span> <span class='ocrx_word' id='word_1_280' title='bbox 1196 3511 1378 3589; x_wconf 89' lang='lat' dir='ltr'>solitariam</span> <span class='ocrx_word' id='word_1_281' title='bbox 1404 3512 1474 3592; x_wconf 71' lang='lat' dir='ltr'>ri·</span> <span class='ocrx_word' id='word_1_282' title='bbox 1529 3519 1635 3596; x_wconf 88' lang='lat' dir='ltr'>dictio</span> <span class='ocrx_word' id='word_1_283' title='bbox 1659 3516 1804 3595; x_wconf 84' lang='lat' dir='ltr'>Domini</span> <span class='ocrx_word' id='word_1_284' title='bbox 1844 3512 1926 3589; x_wconf 79' lang='lat' dir='ltr'>facit</span> <span class='ocrx_word' id='word_1_285' title='bbox 1965 3510 2137 3601; x_wconf 86' lang='lat' dir='ltr'>divitem,</span> <span class='ocrx_word' id='word_1_286' title='bbox 2181 3508 2317 3586; x_wconf 89' lang='lat' dir='ltr'>initium</span> 
     </span>
     <span class='ocr_line' id='line_1_26' title="bbox 692 3617 2325 3731; baseline 0.003 -39"><span class='ocrx_word' id='word_1_287' title='bbox 692 3641 764 3692; x_wconf 85' lang='lat' dir='ltr'>tarn</span> <span class='ocrx_word' id='word_1_288' title='bbox 792 3617 890 3695; x_wconf 89' lang='lat' dir='ltr'>ducit</span> <span class='ocrx_word' id='word_1_289' title='bbox 931 3619 1020 3697; x_wconf 85' lang='lat' dir='ltr'>inter</span> <span class='ocrx_word' id='word_1_290' title='bbox 1060 3621 1162 3711; x_wconf 91' lang='lat' dir='ltr'>illos,</span> <span class='ocrx_word' id='word_1_291' title='bbox 1191 3623 1255 3731; x_wconf 91' lang='lat' dir='ltr'>ipsi</span> <span class='ocrx_word' id='word_1_292' title='bbox 1287 3651 1366 3703; x_wconf 87' lang='lat' dir='ltr'>veto</span> <span class='ocrx_word' id='word_1_293' title='bbox 1394 3653 1473 3704; x_wconf 87' lang='lat' dir='ltr'>eru·</span> <span class='ocrx_word' id='word_1_294' title='bbox 1529 3631 1610 3710; x_wconf 84' lang='lat' dir='ltr'>fecit</span> <span class='ocrx_word' id='word_1_295' title='bbox 1639 3659 1659 3709; x_wconf 92' lang='lat' dir='ltr'>a</span> <span class='ocrx_word' id='word_1_296' title='bbox 1686 3653 1829 3709; x_wconf 89' lang='lat' dir='ltr'>tractatu</span> <span class='ocrx_word' id='word_1_297' title='bbox 1861 3623 2058 3703; x_wconf 84' lang='lat' dir='ltr'>Berachdtlr</span> <span class='ocrx_word' id='word_1_298' title='bbox 2088 3648 2148 3698; x_wconf 91' lang='lat' dir='ltr'>seu</span> <span class='ocrx_word' id='word_1_299' title='bbox 2178 3619 2325 3702; x_wconf 86' lang='lat' dir='ltr'>Benedi-</span> 
     </span>
     <span class='ocr_line' id='line_1_27' title="bbox 690 3725 2323 3846; baseline 0.004 -43"><span class='ocrx_word' id='word_1_300' title='bbox 690 3725 793 3805; x_wconf 90' lang='lat' dir='ltr'>diunt</span> <span class='ocrx_word' id='word_1_301' title='bbox 821 3756 901 3808; x_wconf 90' lang='lat' dir='ltr'>eum</span> <span class='ocrx_word' id='word_1_302' title='bbox 936 3733 970 3809; x_wconf 92' lang='lat' dir='ltr'>in</span> <span class='ocrx_word' id='word_1_303' title='bbox 998 3736 1134 3814; x_wconf 89' lang='lat' dir='ltr'>sectetis</span> <span class='ocrx_word' id='word_1_304' title='bbox 1162 3737 1313 3829; x_wconf 84' lang='lat' dir='ltr'>mnndi,</span> <span class='ocrx_word' id='word_1_305' title='bbox 1350 3760 1385 3817; x_wconf 91' lang='lat' dir='ltr'>et</span> <span class='ocrx_word' id='word_1_306' title='bbox 1415 3738 1475 3816; x_wconf 89' lang='lat' dir='ltr'>ab·</span> <span class='ocrx_word' id='word_1_307' title='bbox 1529 3746 1709 3833; x_wconf 84' lang='lat' dir='ltr'>ctionum,</span> <span class='ocrx_word' id='word_1_308' title='bbox 1751 3767 1787 3820; x_wconf 94' lang='lat' dir='ltr'>et</span> <span class='ocrx_word' id='word_1_309' title='bbox 1815 3739 1985 3846; x_wconf 88' lang='lat' dir='ltr'>impressit</span> <span class='ocrx_word' id='word_1_310' title='bbox 2028 3734 2150 3825; x_wconf 90' lang='lat' dir='ltr'>illum,</span> <span class='ocrx_word' id='word_1_311' title='bbox 2195 3739 2323 3812; x_wconf 86' lang='lat' dir='ltr'>Gema·</span> 
     </span>
     <span class='ocr_line' id='line_1_28' title="bbox 691 3841 2320 3944; baseline 0.003 -26"><span class='ocrx_word' id='word_1_312' title='bbox 691 3841 846 3920; x_wconf 85' lang='lat' dir='ltr'>scondita</span> <span class='ocrx_word' id='word_1_313' title='bbox 883 3841 1046 3924; x_wconf 84' lang='lat' dir='ltr'>Altissimi</span> <span class='ocrx_word' id='word_1_314' title='bbox 1088 3847 1215 3927; x_wconf 92' lang='lat' dir='ltr'>docent</span> <span class='ocrx_word' id='word_1_315' title='bbox 1255 3849 1376 3929; x_wconf 89' lang='lat' dir='ltr'>illum.</span> <span class='ocrx_word' id='word_1_316' title='bbox 1417 3856 1469 3927; x_wconf 89' lang='lat' dir='ltr'>En</span> <span class='ocrx_word' id='word_1_317' title='bbox 1528 3886 1601 3936; x_wconf 91' lang='lat' dir='ltr'>ram</span> <span class='ocrx_word' id='word_1_318' title='bbox 1630 3856 1815 3944; x_wconf 84' lang='lat' dir='ltr'>videlicet,</span> <span class='ocrx_word' id='word_1_319' title='bbox 1851 3851 2169 3938; x_wconf 90' lang='lat' dir='ltr'>Commentarium,</span> <span class='ocrx_word' id='word_1_320' title='bbox 2209 3853 2320 3924; x_wconf 87' lang='lat' dir='ltr'>Tosa-</span> 
     </span>
     <span class='ocr_line' id='line_1_29' title="bbox 690 3957 2316 4080; baseline 0.002 -46"><span class='ocrx_word' id='word_1_321' title='bbox 690 3978 814 4034; x_wconf 90' lang='lat' dir='ltr'>cuncta</span> <span class='ocrx_word' id='word_1_322' title='bbox 844 3957 929 4035; x_wconf 90' lang='lat' dir='ltr'>haec</span> <span class='ocrx_word' id='word_1_323' title='bbox 959 3957 1046 4037; x_wconf 86' lang='lat' dir='ltr'>vidit</span> <span class='ocrx_word' id='word_1_324' title='bbox 1075 3963 1196 4040; x_wconf 90' lang='lat' dir='ltr'>oculus</span> <span class='ocrx_word' id='word_1_325' title='bbox 1216 3965 1376 4068; x_wconf 89' lang='lat' dir='ltr'>sapientis</span> <span class='ocrx_word' id='word_1_326' title='bbox 1394 3989 1471 4071; x_wconf 92' lang='lat' dir='ltr'>per·</span> <span class='ocrx_word' id='word_1_327' title='bbox 1528 3970 1663 4080; x_wconf 84' lang='lat' dir='ltr'>pltoth,</span> <span class='ocrx_word' id='word_1_328' title='bbox 1706 3995 1765 4048; x_wconf 90' lang='lat' dir='ltr'>seu</span> <span class='ocrx_word' id='word_1_329' title='bbox 1811 3965 2078 4050; x_wconf 74' lang='lat' dir='ltr'>Additamento,</span> <span class='ocrx_word' id='word_1_330' title='bbox 2118 3962 2316 4039; x_wconf 89' lang='lat' dir='ltr'>Decisiones</span> 
     </span>
     <span class='ocr_line' id='line_1_30' title="bbox 691 4067 2316 4183; baseline -0.009 -19"><span class='ocrx_word' id='word_1_331' title='bbox 691 4067 796 4158; x_wconf 89' lang='lat' dir='ltr'>fecti,</span> <span class='ocrx_word' id='word_1_332' title='bbox 835 4071 901 4148; x_wconf 72' lang='lat' dir='ltr'>Vlfl</span> <span class='ocrx_word' id='word_1_333' title='bbox 945 4072 1036 4162; x_wconf 89' lang='lat' dir='ltr'>Dei,</span> <span class='ocrx_word' id='word_1_334' title='bbox 1075 4075 1236 4183; x_wconf 84' lang='lat' dir='ltr'>sapientis</span> <span class='ocrx_word' id='word_1_335' title='bbox 1264 4083 1304 4154; x_wconf 82' lang='lat' dir='ltr'>R·</span> <span class='ocrx_word' id='word_1_336' title='bbox 1340 4077 1470 4154; x_wconf 75' lang='lat' dir='ltr'>Israelis</span> <span class='ocrx_word' id='word_1_337' title='bbox 1526 4081 1750 4170; x_wconf 88' lang='lat' dir='ltr'>eorumdem,</span> <span class='ocrx_word' id='word_1_338' title='bbox 1779 4106 1842 4156; x_wconf 89' lang='lat' dir='ltr'>nec</span> <span class='ocrx_word' id='word_1_339' title='bbox 1871 4105 1939 4155; x_wconf 89' lang='lat' dir='ltr'>non</span> <span class='ocrx_word' id='word_1_340' title='bbox 1961 4075 2187 4153; x_wconf 86' lang='lat' dir='ltr'>Mordacltlet</span> <span class='ocrx_word' id='word_1_341' title='bbox 2210 4079 2316 4150; x_wconf 88' lang='lat' dir='ltr'>Com·</span> 
     </span>
     <span class='ocr_line' id='line_1_31' title="bbox 690 4181 2316 4291; baseline -0.006 -18"><span class='ocrx_word' id='word_1_342' title='bbox 690 4181 851 4273; x_wconf 87' lang='lat' dir='ltr'>Nathan,</span> <span class='ocrx_word' id='word_1_343' title='bbox 878 4209 984 4291; x_wconf 72' lang='lat' dir='ltr'>quem</span> <span class='ocrx_word' id='word_1_344' title='bbox 1022 4192 1117 4267; x_wconf 67' lang='lat' dir='ltr'>Deus</span> <span class='ocrx_word' id='word_1_345' title='bbox 1159 4216 1293 4279; x_wconf 83' lang='lat' dir='ltr'>servet,</span> <span class='ocrx_word' id='word_1_346' title='bbox 1331 4191 1393 4270; x_wconf 79' lang='lat' dir='ltr'>filli</span> <span class='ocrx_word' id='word_1_347' title='bbox 1430 4195 1470 4267; x_wconf 84' lang='lat' dir='ltr'>R·</span> <span class='ocrx_word' id='word_1_348' title='bbox 1527 4197 1733 4275; x_wconf 82' lang='lat' dir='ltr'>monterium</span> <span class='ocrx_word' id='word_1_349' title='bbox 1764 4195 1915 4270; x_wconf 86' lang='lat' dir='ltr'>Miscuae</span> <span class='ocrx_word' id='word_1_350' title='bbox 1958 4195 1999 4266; x_wconf 85' lang='lat' dir='ltr'>R.</span> <span class='ocrx_word' id='word_1_351' title='bbox 2028 4193 2135 4268; x_wconf 86' lang='lat' dir='ltr'>Musis</span> <span class='ocrx_word' id='word_1_352' title='bbox 2165 4189 2316 4265; x_wconf 88' lang='lat' dir='ltr'>Maimo-</span> 
     </span>
     <span class='ocr_line' id='line_1_32' title="bbox 691 4297 2317 4411; baseline 0.004 -39"><span class='ocrx_word' id='word_1_353' title='bbox 691 4297 857 4372; x_wconf 88' lang='lat' dir='ltr'>Samuelis</span> <span class='ocrx_word' id='word_1_354' title='bbox 885 4297 941 4374; x_wconf 91' lang='lat' dir='ltr'>fel.</span> <span class='ocrx_word' id='word_1_355' title='bbox 971 4325 1098 4389; x_wconf 82' lang='lat' dir='ltr'>mem,</span> <span class='ocrx_word' id='word_1_356' title='bbox 1122 4327 1159 4379; x_wconf 90' lang='lat' dir='ltr'>et</span> <span class='ocrx_word' id='word_1_357' title='bbox 1186 4307 1347 4411; x_wconf 88' lang='lat' dir='ltr'>quoniam</span> <span class='ocrx_word' id='word_1_358' title='bbox 1373 4304 1471 4380; x_wconf 89' lang='lat' dir='ltr'>multi</span> <span class='ocrx_word' id='word_1_359' title='bbox 1528 4311 1617 4388; x_wconf 82' lang='lat' dir='ltr'>nidis</span> <span class='ocrx_word' id='word_1_360' title='bbox 1645 4308 1701 4385; x_wconf 85' lang='lat' dir='ltr'>fel.</span> <span class='ocrx_word' id='word_1_361' title='bbox 1731 4333 1857 4396; x_wconf 83' lang='lat' dir='ltr'>mem,</span> <span class='ocrx_word' id='word_1_362' title='bbox 1884 4305 2001 4381; x_wconf 89' lang='lat' dir='ltr'>omnia</span> <span class='ocrx_word' id='word_1_363' title='bbox 2038 4329 2108 4378; x_wconf 91' lang='lat' dir='ltr'>uno</span> <span class='ocrx_word' id='word_1_364' title='bbox 2140 4301 2317 4379; x_wconf 80' lang='lat' dir='ltr'>volumine</span> 
     </span>
     <span class='ocr_line' id='line_1_33' title="bbox 689 4408 2320 4530; baseline -0.006 -45"><span class='ocrx_word' id='word_1_365' title='bbox 689 4408 847 4486; x_wconf 88' lang='lat' dir='ltr'>circuunt</span> <span class='ocrx_word' id='word_1_366' title='bbox 877 4435 915 4487; x_wconf 84' lang='lat' dir='ltr'>ut</span> <span class='ocrx_word' id='word_1_367' title='bbox 953 4416 1134 4518; x_wconf 73' lang='lat' dir='ltr'>exquirant</span> <span class='ocrx_word' id='word_1_368' title='bbox 1175 4419 1321 4494; x_wconf 84' lang='lat' dir='ltr'>verbum</span> <span class='ocrx_word' id='word_1_369' title='bbox 1351 4417 1471 4492; x_wconf 84' lang='lat' dir='ltr'>Domi·</span> <span class='ocrx_word' id='word_1_370' title='bbox 1527 4421 1798 4530; x_wconf 81' lang='lat' dir='ltr'>comprehensa.</span> <span class='ocrx_word' id='word_1_371' title='bbox 1838 4422 2020 4524; x_wconf 85' lang='lat' dir='ltr'>Postquam</span> <span class='ocrx_word' id='word_1_372' title='bbox 2063 4441 2145 4494; x_wconf 78' lang='lat' dir='ltr'>vero</span> <span class='ocrx_word' id='word_1_373' title='bbox 2175 4415 2320 4490; x_wconf 78' lang='lat' dir='ltr'>absolu.</span> 
     </span>
     <span class='ocr_line' id='line_1_34' title="bbox 690 4521 2321 4640; baseline 0.004 -44"><span class='ocrx_word' id='word_1_374' title='bbox 690 4521 750 4609; x_wconf 93' lang='lat' dir='ltr'>ni,</span> <span class='ocrx_word' id='word_1_375' title='bbox 779 4531 831 4598; x_wconf 80' lang='lat' dir='ltr'>et&#39;</span> <span class='ocrx_word' id='word_1_376' title='bbox 852 4547 923 4598; x_wconf 90' lang='lat' dir='ltr'>nou</span> <span class='ocrx_word' id='word_1_377' title='bbox 953 4524 1156 4620; x_wconf 83' lang='lat' dir='ltr'>inveniunt,</span> <span class='ocrx_word' id='word_1_378' title='bbox 1198 4530 1279 4638; x_wconf 90' lang='lat' dir='ltr'>quia</span> <span class='ocrx_word' id='word_1_379' title='bbox 1314 4529 1472 4606; x_wconf 89' lang='lat' dir='ltr'>inclinata</span> <span class='ocrx_word' id='word_1_380' title='bbox 1530 4561 1603 4612; x_wconf 93' lang='lat' dir='ltr'>tum</span> <span class='ocrx_word' id='word_1_381' title='bbox 1633 4558 1682 4610; x_wconf 90' lang='lat' dir='ltr'>est</span> <span class='ocrx_word' id='word_1_382' title='bbox 1711 4557 1799 4640; x_wconf 92' lang='lat' dir='ltr'>opus</span> <span class='ocrx_word' id='word_1_383' title='bbox 1829 4531 1931 4635; x_wconf 87' lang='lat' dir='ltr'>hujus</span> <span class='ocrx_word' id='word_1_384' title='bbox 1968 4530 2226 4636; x_wconf 87' lang='lat' dir='ltr'>compositionis</span> <span class='ocrx_word' id='word_1_385' title='bbox 2261 4527 2321 4606; x_wconf 84' lang='lat' dir='ltr'>tel</span> 
     </span>
     <span class='ocr_line' id='line_1_35' title="bbox 690 4641 2319 4749; baseline -0.008 -20"><span class='ocrx_word' id='word_1_386' title='bbox 690 4657 741 4708; x_wconf 89' lang='lat' dir='ltr'>est</span> <span class='ocrx_word' id='word_1_387' title='bbox 781 4659 902 4712; x_wconf 89' lang='lat' dir='ltr'>manus</span> <span class='ocrx_word' id='word_1_388' title='bbox 951 4661 1100 4728; x_wconf 89' lang='lat' dir='ltr'>eorum,</span> <span class='ocrx_word' id='word_1_389' title='bbox 1140 4665 1174 4716; x_wconf 91' lang='lat' dir='ltr'>et</span> <span class='ocrx_word' id='word_1_390' title='bbox 1215 4666 1285 4717; x_wconf 85' lang='lat' dir='ltr'>non</span> <span class='ocrx_word' id='word_1_391' title='bbox 1329 4666 1471 4749; x_wconf 89' lang='lat' dir='ltr'>possunt</span> <span class='ocrx_word' id='word_1_392' title='bbox 1530 4648 1736 4734; x_wconf 85' lang='lat' dir='ltr'>voluminis,</span> <span class='ocrx_word' id='word_1_393' title='bbox 1778 4643 1926 4721; x_wconf 84' lang='lat' dir='ltr'>adduxit</span> <span class='ocrx_word' id='word_1_394' title='bbox 1963 4641 2048 4718; x_wconf 91' lang='lat' dir='ltr'>illud</span> <span class='ocrx_word' id='word_1_395' title='bbox 2075 4649 2208 4718; x_wconf 70' lang='lat' dir='ltr'>‘coram</span> <span class='ocrx_word' id='word_1_396' title='bbox 2237 4665 2319 4731; x_wconf 88' lang='lat' dir='ltr'>me,</span> 
     </span>
     <span class='ocr_line' id='line_1_36' title="bbox 690 4747 2318 4866; baseline 0.005 -44"><span class='ocrx_word' id='word_1_397' title='bbox 690 4769 888 4852; x_wconf 83' lang='lat' dir='ltr'>comparate</span> <span class='ocrx_word' id='word_1_398' title='bbox 917 4747 1022 4824; x_wconf 90' lang='lat' dir='ltr'>libros</span> <span class='ocrx_word' id='word_1_399' title='bbox 1049 4778 1218 4856; x_wconf 88' lang='lat' dir='ltr'>quantum</span> <span class='ocrx_word' id='word_1_400' title='bbox 1246 4755 1324 4830; x_wconf 73' lang='lat' dir='ltr'>satis</span> <span class='ocrx_word' id='word_1_401' title='bbox 1351 4779 1400 4832; x_wconf 87' lang='lat' dir='ltr'>est</span> <span class='ocrx_word' id='word_1_402' title='bbox 1425 4755 1473 4830; x_wconf 92' lang='lat' dir='ltr'>ob</span> <span class='ocrx_word' id='word_1_403' title='bbox 1529 4762 1739 4866; x_wconf 88' lang='lat' dir='ltr'>laetatusque</span> <span class='ocrx_word' id='word_1_404' title='bbox 1767 4785 1869 4848; x_wconf 87' lang='lat' dir='ltr'>sum,</span> <span class='ocrx_word' id='word_1_405' title='bbox 1897 4755 1985 4832; x_wconf 89' lang='lat' dir='ltr'>sicut</span> <span class='ocrx_word' id='word_1_406' title='bbox 2014 4779 2118 4862; x_wconf 88' lang='lat' dir='ltr'>supet</span> <span class='ocrx_word' id='word_1_407' title='bbox 2154 4753 2318 4832; x_wconf 89' lang='lat' dir='ltr'>omnibus</span> 
     </span>
     <span class='ocr_line' id='line_1_37' title="bbox 690 4854 2320 4978; baseline -0.004 -29"><span class='ocrx_word' id='word_1_408' title='bbox 690 4854 887 4948; x_wconf 86' lang='lat' dir='ltr'>defectum,</span> <span class='ocrx_word' id='word_1_409' title='bbox 930 4887 1002 4966; x_wconf 89' lang='lat' dir='ltr'>quo</span> <span class='ocrx_word' id='word_1_410' title='bbox 1031 4864 1161 4940; x_wconf 89' lang='lat' dir='ltr'>laborat</span> <span class='ocrx_word' id='word_1_411' title='bbox 1204 4867 1376 4942; x_wconf 87' lang='lat' dir='ltr'>academia</span> <span class='ocrx_word' id='word_1_412' title='bbox 1417 4865 1473 4943; x_wconf 87' lang='lat' dir='ltr'>vel</span> <span class='ocrx_word' id='word_1_413' title='bbox 1529 4873 1677 4962; x_wconf 87' lang='lat' dir='ltr'>divitiis,</span> <span class='ocrx_word' id='word_1_414' title='bbox 1718 4869 2011 4978; x_wconf 88' lang='lat' dir='ltr'>pulchritudinem</span> <span class='ocrx_word' id='word_1_415' title='bbox 2054 4869 2176 4946; x_wconf 88' lang='lat' dir='ltr'>videns</span> <span class='ocrx_word' id='word_1_416' title='bbox 2204 4867 2320 4976; x_wconf 90' lang='lat' dir='ltr'>operis</span> 
     </span>
     <span class='ocr_line' id='line_1_38' title="bbox 582 4969 2322 5092; baseline 0.006 -47"><span class='ocrx_word' id='word_1_417' title='bbox 582 5017 587 5028; x_wconf 92' lang='lat'>·</span> <span class='ocrx_word' id='word_1_418' title='bbox 690 4969 806 5047; x_wconf 89' lang='lat' dir='ltr'>schola</span> <span class='ocrx_word' id='word_1_419' title='bbox 835 4972 870 5048; x_wconf 94' lang='lat' dir='ltr'>itt</span> <span class='ocrx_word' id='word_1_420' title='bbox 910 4974 1096 5080; x_wconf 89' lang='lat' dir='ltr'>aperiendo</span> <span class='ocrx_word' id='word_1_421' title='bbox 1125 4977 1206 5084; x_wconf 88' lang='lat' dir='ltr'>ipsis</span> <span class='ocrx_word' id='word_1_422' title='bbox 1248 4978 1474 5086; x_wconf 87' lang='lat' dir='ltr'>sapientiam,</span> <span class='ocrx_word' id='word_1_423' title='bbox 1530 4993 1676 5092; x_wconf 80' lang='lat' dir='ltr'>ejusque</span> <span class='ocrx_word' id='word_1_424' title='bbox 1718 4983 1981 5068; x_wconf 83' lang='lat' dir='ltr'>excellentiam,</span> <span class='ocrx_word' id='word_1_425' title='bbox 2024 4983 2228 5089; x_wconf 86' lang='lat' dir='ltr'>impressum</span> <span class='ocrx_word' id='word_1_426' title='bbox 2260 5007 2322 5057; x_wconf 93' lang='lat' dir='ltr'>su·</span> 
     </span>
     <span class='ocr_line' id='line_1_39' title="bbox 691 5082 2321 5207; baseline 0.004 -49"><span class='ocrx_word' id='word_1_427' title='bbox 691 5082 770 5159; x_wconf 79' lang='lat' dir='ltr'>ideo</span> <span class='ocrx_word' id='word_1_428' title='bbox 798 5095 864 5160; x_wconf 58' lang='lat' dir='ltr'>cor‘</span> <span class='ocrx_word' id='word_1_429' title='bbox 889 5088 1050 5193; x_wconf 84' lang='lat' dir='ltr'>sapientis</span> <span class='ocrx_word' id='word_1_430' title='bbox 1077 5116 1179 5197; x_wconf 84' lang='lat' dir='ltr'>supra</span> <span class='ocrx_word' id='word_1_431' title='bbox 1216 5094 1474 5171; x_wconf 81' lang='lat' dir='ltr'>commemorati</span> <span class='ocrx_word' id='word_1_432' title='bbox 1533 5126 1592 5207; x_wconf 81' lang='lat' dir='ltr'>per</span> <span class='ocrx_word' id='word_1_433' title='bbox 1621 5099 1717 5176; x_wconf 79' lang='lat' dir='ltr'>libris</span> <span class='ocrx_word' id='word_1_434' title='bbox 1747 5123 1950 5204; x_wconf 80' lang='lat' dir='ltr'>magnorum</span> <span class='ocrx_word' id='word_1_435' title='bbox 1980 5096 2157 5188; x_wconf 84' lang='lat' dir='ltr'>virorum,</span> <span class='ocrx_word' id='word_1_436' title='bbox 2188 5095 2321 5203; x_wconf 82' lang='lat' dir='ltr'>legisla-</span> 
     </span>
     <span class='ocr_line' id='line_1_40' title="bbox 570 5194 2320 5320; baseline 0.006 -48"><span class='ocrx_word' id='word_1_437' title='bbox 570 5225 572 5232; x_wconf 86' lang='lat'><em>·</em></span> <span class='ocrx_word' id='word_1_438' title='bbox 690 5196 839 5274; x_wconf 88' lang='lat' dir='ltr'>elevavit</span> <span class='ocrx_word' id='word_1_439' title='bbox 868 5223 978 5288; x_wconf 90' lang='lat' dir='ltr'>eum,</span> <span class='ocrx_word' id='word_1_440' title='bbox 1002 5200 1185 5308; x_wconf 85' lang='lat' dir='ltr'>dixitque,</span> <span class='ocrx_word' id='word_1_441' title='bbox 1209 5194 1387 5310; x_wconf 88' lang='lat' dir='ltr'>quomodo</span> <span class='ocrx_word' id='word_1_442' title='bbox 1409 5233 1475 5315; x_wconf 91' lang='lat' dir='ltr'>ego</span> <span class='ocrx_word' id='word_1_443' title='bbox 1532 5235 1645 5288; x_wconf 90' lang='lat' dir='ltr'>torum</span> <span class='ocrx_word' id='word_1_444' title='bbox 1676 5211 1893 5320; x_wconf 88' lang='lat' dir='ltr'>sapientum,</span> <span class='ocrx_word' id='word_1_445' title='bbox 1932 5235 2113 5317; x_wconf 88' lang='lat' dir='ltr'>procerum</span> <span class='ocrx_word' id='word_1_446' title='bbox 2154 5232 2188 5285; x_wconf 91' lang='lat' dir='ltr'>et</span> <span class='ocrx_word' id='word_1_447' title='bbox 2219 5209 2320 5312; x_wconf 88' lang='lat' dir='ltr'>prin-</span> 
     </span>
     <span class='ocr_line' id='line_1_41' title="bbox 689 5307 2320 5434; baseline 0.007 -49"><span class='ocrx_word' id='word_1_448' title='bbox 689 5307 856 5387; x_wconf 87' lang='lat' dir='ltr'>habitabo</span> <span class='ocrx_word' id='word_1_449' title='bbox 898 5314 1043 5389; x_wconf 92' lang='lat' dir='ltr'>domum</span> <span class='ocrx_word' id='word_1_450' title='bbox 1088 5315 1284 5398; x_wconf 82' lang='lat' dir='ltr'>cedrinam,</span> <span class='ocrx_word' id='word_1_451' title='bbox 1322 5345 1357 5397; x_wconf 91' lang='lat' dir='ltr'>et</span> <span class='ocrx_word' id='word_1_452' title='bbox 1398 5346 1475 5396; x_wconf 87' lang='lat' dir='ltr'>arca</span> <span class='ocrx_word' id='word_1_453' title='bbox 1531 5324 1648 5433; x_wconf 89' lang='lat' dir='ltr'>cipum</span> <span class='ocrx_word' id='word_1_454' title='bbox 1678 5325 1786 5434; x_wconf 86' lang='lat' dir='ltr'>legis,</span> <span class='ocrx_word' id='word_1_455' title='bbox 1829 5324 1887 5430; x_wconf 80' lang='lat' dir='ltr'>qiti</span> <span class='ocrx_word' id='word_1_456' title='bbox 1919 5322 2122 5399; x_wconf 88' lang='lat' dir='ltr'>nominatim</span> <span class='ocrx_word' id='word_1_457' title='bbox 2167 5319 2320 5428; x_wconf 77' lang='lat' dir='ltr'>expressi</span> 
     </span>
     <span class='ocr_line' id='line_1_42' title="bbox 690 5421 2319 5544; baseline 0.007 -45"><span class='ocrx_word' id='word_1_458' title='bbox 690 5421 839 5502; x_wconf 82' lang='lat' dir='ltr'>foederis</span> <span class='ocrx_word' id='word_1_459' title='bbox 867 5423 1000 5504; x_wconf 90' lang='lat' dir='ltr'>ltabitat</span> <span class='ocrx_word' id='word_1_460' title='bbox 1027 5425 1188 5508; x_wconf 89' lang='lat' dir='ltr'>derelicta</span> <span class='ocrx_word' id='word_1_461' title='bbox 1217 5433 1252 5507; x_wconf 92' lang='lat' dir='ltr'>in</span> <span class='ocrx_word' id='word_1_462' title='bbox 1281 5459 1388 5510; x_wconf 89' lang='lat' dir='ltr'>cornu</span> <span class='ocrx_word' id='word_1_463' title='bbox 1417 5459 1475 5509; x_wconf 88' lang='lat' dir='ltr'>an·</span> <span class='ocrx_word' id='word_1_464' title='bbox 1531 5460 1633 5524; x_wconf 91' lang='lat' dir='ltr'>sunt,</span> <span class='ocrx_word' id='word_1_465' title='bbox 1670 5463 1714 5514; x_wconf 87' lang='lat' dir='ltr'>etr</span> <span class='ocrx_word' id='word_1_466' title='bbox 1754 5464 1905 5544; x_wconf 92' lang='lat' dir='ltr'>quorum</span> <span class='ocrx_word' id='word_1_467' title='bbox 1948 5439 2048 5542; x_wconf 87' lang='lat' dir='ltr'>aquis</span> <span class='ocrx_word' id='word_1_468' title='bbox 2077 5435 2131 5512; x_wconf 86' lang='lat' dir='ltr'>vel</span> <span class='ocrx_word' id='word_1_469' title='bbox 2162 5435 2319 5512; x_wconf 87' lang='lat' dir='ltr'>fontibus</span> 
     </span>
    </p>
   </div>
   <div class='ocr_carea' id='block_1_3' title="bbox 691 5535 2325 5663">
    <p class='ocr_par' dir='ltr' id='par_1_5' title="bbox 691 5535 2325 5663">
     <span class='ocr_line' id='line_1_43' title="bbox 691 5535 2325 5663; baseline 0.004 -48"><span class='ocrx_word' id='word_1_470' title='bbox 691 5535 878 5650; x_wconf 86' lang='lat' dir='ltr'>gulorum,</span> <span class='ocrx_word' id='word_1_471' title='bbox 917 5566 982 5618; x_wconf 92' lang='lat' dir='ltr'>nec</span> <span class='ocrx_word' id='word_1_472' title='bbox 1023 5542 1113 5622; x_wconf 90' lang='lat' dir='ltr'>ullus</span> <span class='ocrx_word' id='word_1_473' title='bbox 1140 5567 1193 5624; x_wconf 84' lang='lat' dir='ltr'>est</span> <span class='ocrx_word' id='word_1_474' title='bbox 1226 5547 1289 5652; x_wconf 88' lang='lat' dir='ltr'>qui</span> <span class='ocrx_word' id='word_1_475' title='bbox 1316 5547 1475 5656; x_wconf 83' lang='lat' dir='ltr'>exquirat</span> <span class='ocrx_word' id='word_1_476' title='bbox 1531 5549 1723 5632; x_wconf 88' lang='lat' dir='ltr'>bibendum</span> <span class='ocrx_word' id='word_1_477' title='bbox 1752 5549 1835 5628; x_wconf 90' lang='lat' dir='ltr'>dant</span> <span class='ocrx_word' id='word_1_478' title='bbox 1862 5551 2047 5663; x_wconf 85' lang='lat' dir='ltr'>gregibus,</span> <span class='ocrx_word' id='word_1_479' title='bbox 2079 5546 2193 5629; x_wconf 87' lang='lat' dir='ltr'>donec</span> <span class='ocrx_word' id='word_1_480' title='bbox 2222 5549 2325 5627; x_wconf 82' lang='lat' dir='ltr'>finie-</span> 
     </span>
    </p>
   </div>
   <div class='ocr_carea' id='block_1_4' title="bbox 0 0 2616 7090">
    <p class='ocr_par' dir='ltr' id='par_1_6' title="bbox 0 0 2616 7090">
     <span class='ocr_line' id='line_1_44' title="bbox 0 0 2616 7090; baseline 0 3"><span class='ocrx_word' id='word_1_481' title='bbox 0 0 2616 7090; x_wconf 95' lang='lat' dir='ltr'> </span> 
     </span>
    </p>
   </div>
  </div>
 </body>
</html>
