<?xml version="1.0" encoding="UTF-8"?>
<!DOCTYPE html PUBLIC "-//W3C//DTD XHTML 1.0 Transitional//EN"
    "http://www.w3.org/TR/xhtml1/DTD/xhtml1-transitional.dtd">
<html xmlns="http://www.w3.org/1999/xhtml" xml:lang="en" lang="en">
 <head>
  <title>
</title>
<meta http-equiv="Content-Type" content="text/html;charset=utf-8" />
  <meta name='ocr-system' content='tesseract 3.04.00' />
  <meta name='ocr-capabilities' content='ocr_page ocr_carea ocr_par ocr_line ocrx_word'/>
</head>
<body>
  <div class='ocr_page' id='page_1' title='image "./annaleshebraeot00rossgoog_0148.png"; bbox 0 0 5146 7094; ppageno 0'>
   <div class='ocr_carea' id='block_1_1' title="bbox 644 651 1838 734">
    <p class='ocr_par' dir='ltr' id='par_1_1' title="bbox 644 651 1838 734">
     <span class='ocr_line' id='line_1_1' title="bbox 644 651 1838 734; baseline -0.01 0"><span class='ocrx_word' id='word_1_1' title='bbox 644 681 719 734; x_wconf 84' lang='lat'>120</span> <span class='ocrx_word' id='word_1_2' title='bbox 1062 654 1430 731; x_wconf 81' lang='lat' dir='ltr'><em>ANNALES</em></span> <span class='ocrx_word' id='word_1_3' title='bbox 1485 651 1838 730; x_wconf 67' lang='lat' dir='ltr'>uun-Tre.</span> 
     </span>
    </p>
   </div>
   <div class='ocr_carea' id='block_1_2' title="bbox 628 819 2287 3782">
    <p class='ocr_par' dir='ltr' id='par_1_2' title="bbox 628 819 2287 3668">
     <span class='ocr_line' id='line_1_2' title="bbox 641 819 2286 941; baseline -0.005 -30"><span class='ocrx_word' id='word_1_4' title='bbox 641 855 755 941; x_wconf 91' lang='lat' dir='ltr'>potest</span> <span class='ocrx_word' id='word_1_5' title='bbox 785 831 1009 940; x_wconf 88' lang='lat' dir='ltr'>praestitisse.</span> <span class='ocrx_word' id='word_1_6' title='bbox 1047 835 1125 908; x_wconf 90' lang='lat' dir='ltr'>Non</span> <span class='ocrx_word' id='word_1_7' title='bbox 1154 825 1295 906; x_wconf 90' lang='lat' dir='ltr'>laedunt</span> <span class='ocrx_word' id='word_1_8' title='bbox 1323 850 1437 904; x_wconf 89' lang='lat' dir='ltr'>tamen</span> <span class='ocrx_word' id='word_1_9' title='bbox 1494 851 1688 919; x_wconf 89' lang='lat' dir='ltr'>memorat,</span> <span class='ocrx_word' id='word_1_10' title='bbox 1716 823 1864 904; x_wconf 83' lang='lat' dir='ltr'>Turcica</span> <span class='ocrx_word' id='word_1_11' title='bbox 1897 819 2019 902; x_wconf 90' lang='lat' dir='ltr'>eadem</span> <span class='ocrx_word' id='word_1_12' title='bbox 2048 849 2130 902; x_wconf 90' lang='lat' dir='ltr'>cum</span> <span class='ocrx_word' id='word_1_13' title='bbox 2159 823 2286 930; x_wconf 83' lang='lat' dir='ltr'>CPoli-</span> 
     </span>
     <span class='ocr_line' id='line_1_3' title="bbox 641 937 2283 1033; baseline -0.002 -13"><span class='ocrx_word' id='word_1_14' title='bbox 641 943 727 1024; x_wconf 89' lang='lat' dir='ltr'>haec</span> <span class='ocrx_word' id='word_1_15' title='bbox 766 945 982 1026; x_wconf 66' lang='lat' dir='ltr'>velsstollunr</span> <span class='ocrx_word' id='word_1_16' title='bbox 1012 944 1199 1022; x_wconf 82' lang='lat' dir='ltr'>maximam</span> <span class='ocrx_word' id='word_1_17' title='bbox 1227 941 1321 1018; x_wconf 91' lang='lat' dir='ltr'>illam</span> <span class='ocrx_word' id='word_1_18' title='bbox 1349 967 1438 1020; x_wconf 91' lang='lat' dir='ltr'>con-</span> <span class='ocrx_word' id='word_1_19' title='bbox 1494 966 1617 1033; x_wconf 72' lang='lat' dir='ltr'>tana,</span> <span class='ocrx_word' id='word_1_20' title='bbox 1643 966 1706 1018; x_wconf 88' lang='lat' dir='ltr'>nec</span> <span class='ocrx_word' id='word_1_21' title='bbox 1747 965 1827 1018; x_wconf 86' lang='lat' dir='ltr'>ante</span> <span class='ocrx_word' id='word_1_22' title='bbox 1869 938 2090 1015; x_wconf 86' lang='lat' dir='ltr'>CPoliranam</span> <span class='ocrx_word' id='word_1_23' title='bbox 2133 937 2283 1016; x_wconf 89' lang='lat' dir='ltr'>Turcica</span> 
     </span>
     <span class='ocr_line' id='line_1_4' title="bbox 639 1050 2284 1166; baseline -0.005 -30"><span class='ocrx_word' id='word_1_24' title='bbox 639 1059 860 1151; x_wconf 83' lang='lat' dir='ltr'>sensionem,</span> <span class='ocrx_word' id='word_1_25' title='bbox 898 1086 986 1166; x_wconf 89' lang='lat' dir='ltr'>quae</span> <span class='ocrx_word' id='word_1_26' title='bbox 1028 1082 1080 1138; x_wconf 92' lang='lat' dir='ltr'>est</span> <span class='ocrx_word' id='word_1_27' title='bbox 1122 1057 1210 1134; x_wconf 89' lang='lat' dir='ltr'>inter</span> <span class='ocrx_word' id='word_1_28' title='bbox 1253 1080 1434 1163; x_wconf 86' lang='lat' dir='ltr'>utramque</span> <span class='ocrx_word' id='word_1_29' title='bbox 1490 1053 1561 1132; x_wconf 89' lang='lat' dir='ltr'>ulla</span> <span class='ocrx_word' id='word_1_30' title='bbox 1600 1056 1737 1142; x_wconf 81' lang='lat' dir='ltr'>extitit,</span> <span class='ocrx_word' id='word_1_31' title='bbox 1775 1079 1837 1132; x_wconf 90' lang='lat' dir='ltr'>nec</span> <span class='ocrx_word' id='word_1_32' title='bbox 1875 1050 2022 1130; x_wconf 86' lang='lat' dir='ltr'>Turcica</span> <span class='ocrx_word' id='word_1_33' title='bbox 2062 1057 2284 1130; x_wconf 88' lang='lat' dir='ltr'>Mantuanam</span> 
     </span>
     <span class='ocr_line' id='line_1_5' title="bbox 638 1165 2287 1284; baseline -0.006 -34"><span class='ocrx_word' id='word_1_34' title='bbox 638 1172 851 1263; x_wconf 79' lang='lat' dir='ltr'>editionem,</span> <span class='ocrx_word' id='word_1_35' title='bbox 887 1199 977 1281; x_wconf 91' lang='lat' dir='ltr'>quae</span> <span class='ocrx_word' id='word_1_36' title='bbox 1016 1170 1156 1284; x_wconf 88' lang='lat' dir='ltr'>quidem</span> <span class='ocrx_word' id='word_1_37' title='bbox 1194 1168 1271 1246; x_wconf 89' lang='lat' dir='ltr'>talis</span> <span class='ocrx_word' id='word_1_38' title='bbox 1305 1193 1357 1246; x_wconf 90' lang='lat' dir='ltr'>est</span> <span class='ocrx_word' id='word_1_39' title='bbox 1394 1195 1434 1246; x_wconf 90' lang='lat' dir='ltr'>ac</span> <span class='ocrx_word' id='word_1_40' title='bbox 1491 1193 1667 1262; x_wconf 88' lang='lat' dir='ltr'>nostram,</span> <span class='ocrx_word' id='word_1_41' title='bbox 1709 1195 1815 1275; x_wconf 89' lang='lat' dir='ltr'>quam</span> <span class='ocrx_word' id='word_1_42' title='bbox 1845 1165 2065 1244; x_wconf 88' lang='lat' dir='ltr'>CPoliranam</span> <span class='ocrx_word' id='word_1_43' title='bbox 2107 1165 2197 1242; x_wconf 88' lang='lat' dir='ltr'>male</span> <span class='ocrx_word' id='word_1_44' title='bbox 2224 1191 2287 1274; x_wconf 89' lang='lat' dir='ltr'>ap·</span> 
     </span>
     <span class='ocr_line' id='line_1_6' title="bbox 638 1279 2281 1393; baseline -0.003 -32"><span class='ocrx_word' id='word_1_45' title='bbox 638 1306 753 1379; x_wconf 87' lang='lat' dir='ltr'>tanta,</span> <span class='ocrx_word' id='word_1_46' title='bbox 784 1309 821 1366; x_wconf 95' lang='lat' dir='ltr'>ut</span> <span class='ocrx_word' id='word_1_47' title='bbox 851 1285 1003 1364; x_wconf 86' lang='lat' dir='ltr'>dubitari</span> <span class='ocrx_word' id='word_1_48' title='bbox 1038 1293 1108 1393; x_wconf 90' lang='lat' dir='ltr'>jam</span> <span class='ocrx_word' id='word_1_49' title='bbox 1137 1305 1309 1390; x_wconf 81' lang='lat' dir='ltr'><strong>nequeat,</strong></span> <span class='ocrx_word' id='word_1_50' title='bbox 1346 1283 1429 1388; x_wconf 91' lang='lat' dir='ltr'>quin</span> <span class='ocrx_word' id='word_1_51' title='bbox 1487 1282 1619 1391; x_wconf 87' lang='lat' dir='ltr'>pellat,</span> <span class='ocrx_word' id='word_1_52' title='bbox 1648 1283 1848 1392; x_wconf 80' lang='lat' dir='ltr'>praecessit.</span> <span class='ocrx_word' id='word_1_53' title='bbox 1893 1279 2035 1358; x_wconf 82' lang='lat' dir='ltr'>Azarias</span> <span class='ocrx_word' id='word_1_54' title='bbox 2064 1279 2281 1356; x_wconf 88' lang='lat' dir='ltr'>CPoliranam</span> 
     </span>
     <span class='ocr_line' id='line_1_7' title="bbox 636 1393 2284 1501; baseline -0.003 -25"><span class='ocrx_word' id='word_1_55' title='bbox 636 1425 682 1476; x_wconf 85' lang='lat' dir='ltr'>ex</span> <span class='ocrx_word' id='word_1_56' title='bbox 712 1423 825 1478; x_wconf 90' lang='lat' dir='ltr'>nostra</span> <span class='ocrx_word' id='word_1_57' title='bbox 856 1400 919 1478; x_wconf 92' lang='lat' dir='ltr'>hac</span> <span class='ocrx_word' id='word_1_58' title='bbox 962 1426 1060 1478; x_wconf 92' lang='lat' dir='ltr'>suam</span> <span class='ocrx_word' id='word_1_59' title='bbox 1098 1398 1247 1478; x_wconf 76' lang='lat' dir='ltr'>hauserit</span> <span class='ocrx_word' id='word_1_60' title='bbox 1276 1401 1431 1474; x_wconf 88' lang='lat' dir='ltr'>Munsre·</span> <span class='ocrx_word' id='word_1_61' title='bbox 1487 1395 1617 1474; x_wconf 91' lang='lat' dir='ltr'>nullam</span> <span class='ocrx_word' id='word_1_62' title='bbox 1647 1401 1781 1474; x_wconf 89' lang='lat' dir='ltr'>Conato</span> <span class='ocrx_word' id='word_1_63' title='bbox 1808 1393 1928 1474; x_wconf 81' lang='lat' dir='ltr'>tribuit</span> <span class='ocrx_word' id='word_1_64' title='bbox 1967 1397 2108 1501; x_wconf 87' lang='lat' dir='ltr'>ejusque</span> <span class='ocrx_word' id='word_1_65' title='bbox 2136 1393 2284 1500; x_wconf 89' lang='lat' dir='ltr'>impres-</span> 
     </span>
     <span class='ocr_line' id='line_1_8' title="bbox 633 1506 2283 1620; baseline -0.005 -30"><span class='ocrx_word' id='word_1_66' title='bbox 633 1540 716 1606; x_wconf 87' lang='lat' dir='ltr'>rus,</span> <span class='ocrx_word' id='word_1_67' title='bbox 746 1539 783 1591; x_wconf 94' lang='lat' dir='ltr'>ut</span> <span class='ocrx_word' id='word_1_68' title='bbox 811 1537 904 1592; x_wconf 91' lang='lat' dir='ltr'>recte</span> <span class='ocrx_word' id='word_1_69' title='bbox 944 1516 1135 1620; x_wconf 83' lang='lat' dir='ltr'>conjiciunt</span> <span class='ocrx_word' id='word_1_70' title='bbox 1173 1510 1429 1601; x_wconf 84' lang='lat' dir='ltr'>Barroloccius,</span> <span class='ocrx_word' id='word_1_71' title='bbox 1483 1509 1595 1588; x_wconf 90' lang='lat' dir='ltr'>siones</span> <span class='ocrx_word' id='word_1_72' title='bbox 1625 1511 1752 1618; x_wconf 88' lang='lat' dir='ltr'>primas</span> <span class='ocrx_word' id='word_1_73' title='bbox 1778 1508 2077 1617; x_wconf 80' lang='lat' dir='ltr'>quidemvocat,</span> <span class='ocrx_word' id='word_1_74' title='bbox 2104 1533 2166 1586; x_wconf 88' lang='lat' dir='ltr'>seu</span> <span class='ocrx_word' id='word_1_75' title='bbox 2195 1506 2283 1584; x_wconf 91' lang='lat' dir='ltr'>anti·</span> 
     </span>
     <span class='ocr_line' id='line_1_9' title="bbox 635 1621 2284 1736; baseline -0.003 -34"><span class='ocrx_word' id='word_1_76' title='bbox 635 1627 829 1736; x_wconf 88' lang='lat' dir='ltr'>Gagnerius</span> <span class='ocrx_word' id='word_1_77' title='bbox 856 1655 896 1704; x_wconf 91' lang='lat' dir='ltr'>ac</span> <span class='ocrx_word' id='word_1_78' title='bbox 924 1628 1118 1717; x_wconf 83' lang='lat' dir='ltr'>Fabricius,</span> <span class='ocrx_word' id='word_1_79' title='bbox 1159 1653 1226 1704; x_wconf 90' lang='lat' dir='ltr'>non</span> <span class='ocrx_word' id='word_1_80' title='bbox 1261 1649 1306 1700; x_wconf 86' lang='lat' dir='ltr'>err</span> <span class='ocrx_word' id='word_1_81' title='bbox 1334 1628 1430 1700; x_wconf 88' lang='lat' dir='ltr'>CPn-</span> <span class='ocrx_word' id='word_1_82' title='bbox 1484 1624 1646 1730; x_wconf 84' lang='lat' dir='ltr'>quiores,</span> <span class='ocrx_word' id='word_1_83' title='bbox 1687 1650 1863 1731; x_wconf 90' lang='lat' dir='ltr'>nunquam</span> <span class='ocrx_word' id='word_1_84' title='bbox 1903 1622 2121 1714; x_wconf 87' lang='lat' dir='ltr'>CPolitanas,</span> <span class='ocrx_word' id='word_1_85' title='bbox 2152 1621 2284 1698; x_wconf 91' lang='lat' dir='ltr'>utrius-</span> 
     </span>
     <span class='ocr_line' id='line_1_10' title="bbox 633 1736 2284 1844; baseline -0.001 -31"><span class='ocrx_word' id='word_1_86' title='bbox 633 1736 736 1818; x_wconf 91' lang='lat' dir='ltr'>litana</span> <span class='ocrx_word' id='word_1_87' title='bbox 766 1740 845 1817; x_wconf 90' lang='lat' dir='ltr'>anni</span> <span class='ocrx_word' id='word_1_88' title='bbox 883 1767 1013 1840; x_wconf 83' lang='lat'>1510,</span> <span class='ocrx_word' id='word_1_89' title='bbox 1042 1766 1079 1819; x_wconf 91' lang='lat' dir='ltr'>ut</span> <span class='ocrx_word' id='word_1_90' title='bbox 1107 1737 1321 1818; x_wconf 89' lang='lat' dir='ltr'>contendunt</span> <span class='ocrx_word' id='word_1_91' title='bbox 1349 1739 1426 1812; x_wconf 90' lang='lat' dir='ltr'>Mo·</span> <span class='ocrx_word' id='word_1_92' title='bbox 1484 1764 1553 1844; x_wconf 90' lang='lat' dir='ltr'>que</span> <span class='ocrx_word' id='word_1_93' title='bbox 1582 1764 1665 1818; x_wconf 91' lang='lat' dir='ltr'>vero</span> <span class='ocrx_word' id='word_1_94' title='bbox 1693 1737 1852 1815; x_wconf 86' lang='lat' dir='ltr'>editionis</span> <span class='ocrx_word' id='word_1_95' title='bbox 1879 1738 2045 1816; x_wconf 87' lang='lat' dir='ltr'>Tureicae</span> <span class='ocrx_word' id='word_1_96' title='bbox 2073 1757 2109 1812; x_wconf 90' lang='lat' dir='ltr'>et</span> <span class='ocrx_word' id='word_1_97' title='bbox 2138 1739 2284 1812; x_wconf 89' lang='lat' dir='ltr'>Germa-</span> 
     </span>
     <span class='ocr_line' id='line_1_11' title="bbox 633 1850 2283 1957; baseline -0.002 -27"><span class='ocrx_word' id='word_1_98' title='bbox 633 1852 729 1931; x_wconf 90' lang='lat' dir='ltr'>rinus</span> <span class='ocrx_word' id='word_1_99' title='bbox 758 1881 797 1933; x_wconf 91' lang='lat' dir='ltr'>ac</span> <span class='ocrx_word' id='word_1_100' title='bbox 828 1855 993 1932; x_wconf 87' lang='lat' dir='ltr'>Wolfius.</span> <span class='ocrx_word' id='word_1_101' title='bbox 1026 1852 1133 1955; x_wconf 88' lang='lat' dir='ltr'>Quod</span> <span class='ocrx_word' id='word_1_102' title='bbox 1163 1878 1199 1932; x_wconf 87' lang='lat' dir='ltr'>et</span> <span class='ocrx_word' id='word_1_103' title='bbox 1227 1853 1350 1929; x_wconf 86' lang='lat' dir='ltr'>Conari</span> <span class='ocrx_word' id='word_1_104' title='bbox 1380 1874 1430 1927; x_wconf 90' lang='lat' dir='ltr'>te·</span> <span class='ocrx_word' id='word_1_105' title='bbox 1486 1851 1585 1929; x_wconf 89' lang='lat' dir='ltr'>nicae</span> <span class='ocrx_word' id='word_1_106' title='bbox 1612 1877 1672 1929; x_wconf 89' lang='lat' dir='ltr'>seu</span> <span class='ocrx_word' id='word_1_107' title='bbox 1702 1850 1918 1944; x_wconf 89' lang='lat' dir='ltr'>Basileensis,</span> <span class='ocrx_word' id='word_1_108' title='bbox 1945 1875 2034 1957; x_wconf 89' lang='lat' dir='ltr'>quae</span> <span class='ocrx_word' id='word_1_109' title='bbox 2063 1871 2142 1926; x_wconf 91' lang='lat' dir='ltr'>sunt</span> <span class='ocrx_word' id='word_1_110' title='bbox 2169 1854 2283 1926; x_wconf 88' lang='lat' dir='ltr'>Vene-</span> 
     </span>
     <span class='ocr_line' id='line_1_12' title="bbox 633 1962 2283 2077; baseline -0.002 -34"><span class='ocrx_word' id='word_1_111' title='bbox 633 1968 835 2045; x_wconf 90' lang='lat' dir='ltr'>stimonium</span> <span class='ocrx_word' id='word_1_112' title='bbox 873 1995 932 2047; x_wconf 90' lang='lat' dir='ltr'>seu</span> <span class='ocrx_word' id='word_1_113' title='bbox 976 1967 1165 2077; x_wconf 77' lang='lat' dir='ltr'>epigraphe</span> <span class='ocrx_word' id='word_1_114' title='bbox 1203 1969 1428 2043; x_wconf 88' lang='lat' dir='ltr'>aMunstero</span> <span class='ocrx_word' id='word_1_115' title='bbox 1487 1987 1522 2042; x_wconf 90' lang='lat' dir='ltr'>ta</span> <span class='ocrx_word' id='word_1_116' title='bbox 1552 1967 1703 2074; x_wconf 87' lang='lat' dir='ltr'>priores,</span> <span class='ocrx_word' id='word_1_117' title='bbox 1724 1989 1849 2043; x_wconf 73' lang='lat' dir='ltr'>vnettrra</span> <span class='ocrx_word' id='word_1_118' title='bbox 1877 1968 2011 2061; x_wconf 76' lang='lat' dir='ltr'>Cotuato</span> <span class='ocrx_word' id='word_1_119' title='bbox 2039 1962 2207 2040; x_wconf 89' lang='lat' dir='ltr'>debetur.</span> <span class='ocrx_word' id='word_1_120' title='bbox 2235 1968 2283 2040; x_wconf 78' lang='lat' dir='ltr'>At</span> 
     </span>
     <span class='ocr_line' id='line_1_13' title="bbox 634 2076 2284 2188; baseline -0.004 -32"><span class='ocrx_word' id='word_1_121' title='bbox 634 2083 736 2158; x_wconf 89' lang='lat' dir='ltr'>relata</span> <span class='ocrx_word' id='word_1_122' title='bbox 782 2083 907 2160; x_wconf 90' lang='lat' dir='ltr'>invicte</span> <span class='ocrx_word' id='word_1_123' title='bbox 947 2083 1150 2170; x_wconf 89' lang='lat' dir='ltr'>confirmat,</span> <span class='ocrx_word' id='word_1_124' title='bbox 1185 2079 1345 2186; x_wconf 85' lang='lat' dir='ltr'>quamvis</span> <span class='ocrx_word' id='word_1_125' title='bbox 1376 2103 1429 2188; x_wconf 89' lang='lat' dir='ltr'>ty·</span> <span class='ocrx_word' id='word_1_126' title='bbox 1488 2103 1573 2157; x_wconf 90' lang='lat' dir='ltr'>vero</span> <span class='ocrx_word' id='word_1_127' title='bbox 1601 2080 1699 2156; x_wconf 90' lang='lat' dir='ltr'>binae</span> <span class='ocrx_word' id='word_1_128' title='bbox 1728 2105 1772 2156; x_wconf 90' lang='lat' dir='ltr'>ne</span> <span class='ocrx_word' id='word_1_129' title='bbox 1799 2101 1919 2157; x_wconf 83' lang='lat' dir='ltr'>extant</span> <span class='ocrx_word' id='word_1_130' title='bbox 1947 2077 2080 2155; x_wconf 89' lang='lat' dir='ltr'>Conari·</span> <span class='ocrx_word' id='word_1_131' title='bbox 2099 2076 2284 2155; x_wconf 79' lang='lat' dir='ltr'>editiones?</span> 
     </span>
     <span class='ocr_line' id='line_1_14' title="bbox 637 2187 2285 2302; baseline -0.002 -30"><span class='ocrx_word' id='word_1_132' title='bbox 637 2222 762 2302; x_wconf 90' lang='lat' dir='ltr'>porum</span> <span class='ocrx_word' id='word_1_133' title='bbox 791 2195 928 2285; x_wconf 79' lang='lat' dir='ltr'>forma,</span> <span class='ocrx_word' id='word_1_134' title='bbox 951 2219 989 2273; x_wconf 91' lang='lat' dir='ltr'>ut</span> <span class='ocrx_word' id='word_1_135' title='bbox 1020 2195 1178 2286; x_wconf 89' lang='lat' dir='ltr'>videtur,</span> <span class='ocrx_word' id='word_1_136' title='bbox 1208 2193 1373 2300; x_wconf 88' lang='lat' dir='ltr'>deceptus</span> <span class='ocrx_word' id='word_1_137' title='bbox 1395 2195 1428 2268; x_wconf 92' lang='lat' dir='ltr'>in</span> <span class='ocrx_word' id='word_1_138' title='bbox 1487 2193 1546 2270; x_wconf 82' lang='lat' dir='ltr'>Ait</span> <span class='ocrx_word' id='word_1_139' title='bbox 1569 2196 1662 2270; x_wconf 88' lang='lat' dir='ltr'>enirn</span> <span class='ocrx_word' id='word_1_140' title='bbox 1686 2192 1823 2270; x_wconf 84' lang='lat' dir='ltr'>Azarias</span> <span class='ocrx_word' id='word_1_141' title='bbox 1843 2189 1983 2273; x_wconf 63' lang='lat' dir='ltr'>‘toruum</span> <span class='ocrx_word' id='word_1_142' title='bbox 2003 2187 2123 2270; x_wconf 79' lang='lat' dir='ltr'>&#39;mrsrrt</span> <span class='ocrx_word' id='word_1_143' title='bbox 2144 2212 2220 2270; x_wconf 72' lang='lat' dir='ltr'>nn]</span> <span class='ocrx_word' id='word_1_144' title='bbox 2241 2213 2285 2286; x_wconf 70' lang='lat' dir='ltr'>mr</span> 
     </span>
     <span class='ocr_line' id='line_1_15' title="bbox 633 2303 2283 2416; baseline -0.001 -35"><span class='ocrx_word' id='word_1_145' title='bbox 633 2332 679 2384; x_wconf 91' lang='lat' dir='ltr'>eo</span> <span class='ocrx_word' id='word_1_146' title='bbox 705 2312 866 2388; x_wconf 90' lang='lat' dir='ltr'>erraverit</span> <span class='ocrx_word' id='word_1_147' title='bbox 893 2309 990 2416; x_wconf 93' lang='lat' dir='ltr'>quod</span> <span class='ocrx_word' id='word_1_148' title='bbox 1018 2309 1204 2387; x_wconf 88' lang='lat' dir='ltr'>editionem</span> <span class='ocrx_word' id='word_1_149' title='bbox 1236 2306 1339 2383; x_wconf 85' lang='lat' dir='ltr'>CPoli</span> <span class='ocrx_word' id='word_1_150' title='bbox 1353 2331 1430 2415; x_wconf 90' lang='lat' dir='ltr'>per-</span> <span class='ocrx_word' id='word_1_151' title='bbox 1487 2328 1566 2385; x_wconf 71' lang='lat' dir='ltr'>vtato</span> <span class='ocrx_word' id='word_1_152' title='bbox 1594 2332 1670 2402; x_wconf 71' lang='lat' dir='ltr'>vnn</span> <span class='ocrx_word' id='word_1_153' title='bbox 1699 2330 1730 2387; x_wconf 73' lang='lat' dir='ltr'>t:</span> <span class='ocrx_word' id='word_1_154' title='bbox 1759 2327 1802 2402; x_wconf 69' lang='lat' dir='ltr'>nrt</span> <span class='ocrx_word' id='word_1_155' title='bbox 1827 2330 1907 2386; x_wconf 70' lang='lat' dir='ltr'>nota</span> <span class='ocrx_word' id='word_1_156' title='bbox 1934 2327 2066 2385; x_wconf 67' lang='lat' dir='ltr'>:annet</span> <span class='ocrx_word' id='word_1_157' title='bbox 2095 2303 2142 2384; x_wconf 75' lang='lat' dir='ltr'>ln</span> <span class='ocrx_word' id='word_1_158' title='bbox 2171 2315 2283 2404; x_wconf 77' lang='lat' dir='ltr'>sicque</span> 
     </span>
     <span class='ocr_line' id='line_1_16' title="bbox 631 2418 2284 2520; baseline 0 -24"><span class='ocrx_word' id='word_1_159' title='bbox 631 2419 758 2498; x_wconf 87' lang='lat' dir='ltr'>fecram</span> <span class='ocrx_word' id='word_1_160' title='bbox 788 2449 828 2501; x_wconf 91' lang='lat' dir='ltr'>ac</span> <span class='ocrx_word' id='word_1_161' title='bbox 857 2427 1028 2502; x_wconf 90' lang='lat' dir='ltr'>Conatum</span> <span class='ocrx_word' id='word_1_162' title='bbox 1059 2422 1284 2500; x_wconf 85' lang='lat' dir='ltr'>CPoliranum</span> <span class='ocrx_word' id='word_1_163' title='bbox 1315 2418 1431 2497; x_wconf 90' lang='lat' dir='ltr'>medi·</span> <span class='ocrx_word' id='word_1_164' title='bbox 1486 2429 1522 2496; x_wconf 85' lang='lat' dir='ltr'>itt</span> <span class='ocrx_word' id='word_1_165' title='bbox 1550 2427 1679 2498; x_wconf 84' lang='lat' dir='ltr'>duobus</span> <span class='ocrx_word' id='word_1_166' title='bbox 1707 2425 2001 2520; x_wconf 78' lang='lat' dir='ltr'>impressionibus,</span> <span class='ocrx_word' id='word_1_167' title='bbox 2031 2419 2088 2496; x_wconf 87' lang='lat' dir='ltr'>vel</span> <span class='ocrx_word' id='word_1_168' title='bbox 2125 2427 2284 2497; x_wconf 79' lang='lat' dir='ltr'>editioni-</span> 
     </span>
     <span class='ocr_line' id='line_1_17' title="bbox 632 2531 2284 2639; baseline -0.002 -28"><span class='ocrx_word' id='word_1_169' title='bbox 632 2555 713 2612; x_wconf 86' lang='lat' dir='ltr'>cunr</span> <span class='ocrx_word' id='word_1_170' title='bbox 743 2536 918 2614; x_wconf 85' lang='lat' dir='ltr'>crederer.</span> <span class='ocrx_word' id='word_1_171' title='bbox 964 2536 1069 2639; x_wconf 91' lang='lat' dir='ltr'>Quod</span> <span class='ocrx_word' id='word_1_172' title='bbox 1100 2562 1169 2612; x_wconf 90' lang='lat' dir='ltr'>non</span> <span class='ocrx_word' id='word_1_173' title='bbox 1199 2561 1331 2611; x_wconf 85' lang='lat' dir='ltr'>novum</span> <span class='ocrx_word' id='word_1_174' title='bbox 1359 2560 1430 2611; x_wconf 90' lang='lat' dir='ltr'>esse</span> <span class='ocrx_word' id='word_1_175' title='bbox 1488 2539 1574 2624; x_wconf 77' lang='lat' dir='ltr'>but,</span> <span class='ocrx_word' id='word_1_176' title='bbox 1603 2547 1723 2634; x_wconf 80' lang='lat' dir='ltr'>typis,</span> <span class='ocrx_word' id='word_1_177' title='bbox 1746 2540 1871 2635; x_wconf 81' lang='lat' dir='ltr'>formis</span> <span class='ocrx_word' id='word_1_178' title='bbox 1894 2544 2015 2633; x_wconf 83' lang='lat' dir='ltr'>primis</span> <span class='ocrx_word' id='word_1_179' title='bbox 2037 2531 2093 2610; x_wconf 91' lang='lat' dir='ltr'>vel</span> <span class='ocrx_word' id='word_1_180' title='bbox 2114 2541 2284 2632; x_wconf 85' lang='lat' dir='ltr'>antiquio·</span> 
     </span>
     <span class='ocr_line' id='line_1_18' title="bbox 633 2648 2283 2758; baseline -0.001 -35"><span class='ocrx_word' id='word_1_181' title='bbox 633 2648 669 2724; x_wconf 92' lang='lat' dir='ltr'>in</span> <span class='ocrx_word' id='word_1_182' title='bbox 700 2649 822 2727; x_wconf 86' lang='lat' dir='ltr'>Conari</span> <span class='ocrx_word' id='word_1_183' title='bbox 854 2651 1063 2728; x_wconf 89' lang='lat' dir='ltr'>editionibus</span> <span class='ocrx_word' id='word_1_184' title='bbox 1090 2675 1180 2758; x_wconf 89' lang='lat' dir='ltr'>quae</span> <span class='ocrx_word' id='word_1_185' title='bbox 1208 2675 1298 2726; x_wconf 91' lang='lat' dir='ltr'>anuo</span> <span class='ocrx_word' id='word_1_186' title='bbox 1326 2672 1360 2724; x_wconf 88' lang='lat' dir='ltr'>et</span> <span class='ocrx_word' id='word_1_187' title='bbox 1378 2648 1429 2722; x_wconf 92' lang='lat' dir='ltr'>lo·</span> <span class='ocrx_word' id='word_1_188' title='bbox 1485 2652 1575 2723; x_wconf 81' lang='lat' dir='ltr'>ribus</span> <span class='ocrx_word' id='word_1_189' title='bbox 1604 2655 1790 2726; x_wconf 78' lang='lat' dir='ltr'>Abrahami</span> <span class='ocrx_word' id='word_1_190' title='bbox 1827 2654 2015 2728; x_wconf 77' lang='lat' dir='ltr'>coactitia</span> <span class='ocrx_word' id='word_1_191' title='bbox 2044 2677 2083 2723; x_wconf 80' lang='lat' dir='ltr'>aa</span> <span class='ocrx_word' id='word_1_192' title='bbox 2113 2653 2198 2724; x_wconf 83' lang='lat' dir='ltr'>aiiii</span> <span class='ocrx_word' id='word_1_193' title='bbox 2224 2651 2283 2722; x_wconf 83' lang='lat' dir='ltr'>ita-</span> 
     </span>
     <span class='ocr_line' id='line_1_19' title="bbox 631 2759 2284 2853; baseline -0.002 -13"><span class='ocrx_word' id='word_1_194' title='bbox 631 2791 675 2842; x_wconf 90' lang='lat' dir='ltr'>co</span> <span class='ocrx_word' id='word_1_195' title='bbox 703 2763 888 2853; x_wconf 87' lang='lat' dir='ltr'>carebant,</span> <span class='ocrx_word' id='word_1_196' title='bbox 918 2789 954 2842; x_wconf 90' lang='lat' dir='ltr'>ut</span> <span class='ocrx_word' id='word_1_197' title='bbox 984 2762 1084 2843; x_wconf 91' lang='lat' dir='ltr'>variis</span> <span class='ocrx_word' id='word_1_198' title='bbox 1113 2789 1172 2842; x_wconf 87' lang='lat' dir='ltr'>eae</span> <span class='ocrx_word' id='word_1_199' title='bbox 1202 2761 1346 2840; x_wconf 90' lang='lat' dir='ltr'>urbibus</span> <span class='ocrx_word' id='word_1_200' title='bbox 1371 2761 1429 2838; x_wconf 91' lang='lat' dir='ltr'>tri·</span> <span class='ocrx_word' id='word_1_201' title='bbox 1487 2765 1599 2837; x_wconf 80' lang='lat' dir='ltr'>detur.</span> <span class='ocrx_word' id='word_1_202' title='bbox 1627 2763 1662 2840; x_wconf 93' lang='lat' dir='ltr'>Si</span> <span class='ocrx_word' id='word_1_203' title='bbox 1691 2761 1839 2840; x_wconf 89' lang='lat' dir='ltr'>auctoris</span> <span class='ocrx_word' id='word_1_204' title='bbox 1869 2763 1975 2840; x_wconf 87' lang='lat' dir='ltr'>verba</span> <span class='ocrx_word' id='word_1_205' title='bbox 2002 2763 2046 2838; x_wconf 91' lang='lat' dir='ltr'>de</span> <span class='ocrx_word' id='word_1_206' title='bbox 2073 2760 2210 2838; x_wconf 91' lang='lat' dir='ltr'>duabus</span> <span class='ocrx_word' id='word_1_207' title='bbox 2230 2759 2284 2836; x_wconf 94' lang='lat' dir='ltr'>di·</span> 
     </span>
     <span class='ocr_line' id='line_1_20' title="bbox 632 2875 2283 2984; baseline -0.002 -30"><span class='ocrx_word' id='word_1_208' title='bbox 632 2879 841 2969; x_wconf 90' lang='lat' dir='ltr'>buereutnr,</span> <span class='ocrx_word' id='word_1_209' title='bbox 876 2877 912 2954; x_wconf 92' lang='lat' dir='ltr'>in</span> <span class='ocrx_word' id='word_1_210' title='bbox 953 2877 1073 2956; x_wconf 90' lang='lat' dir='ltr'>limine</span> <span class='ocrx_word' id='word_1_211' title='bbox 1115 2878 1192 2984; x_wconf 87' lang='lat' dir='ltr'>ipso</span> <span class='ocrx_word' id='word_1_212' title='bbox 1234 2901 1427 2953; x_wconf 87' lang='lat' dir='ltr'>nostrorum</span> <span class='ocrx_word' id='word_1_213' title='bbox 1486 2875 1592 2952; x_wconf 90' lang='lat' dir='ltr'>versis</span> <span class='ocrx_word' id='word_1_214' title='bbox 1620 2875 1830 2954; x_wconf 89' lang='lat' dir='ltr'>editionibus</span> <span class='ocrx_word' id='word_1_215' title='bbox 1858 2899 2060 2959; x_wconf 86' lang='lat' dir='ltr'>sumuntur,</span> <span class='ocrx_word' id='word_1_216' title='bbox 2087 2875 2180 2953; x_wconf 89' lang='lat' dir='ltr'>solus</span> <span class='ocrx_word' id='word_1_217' title='bbox 2200 2898 2283 2952; x_wconf 87' lang='lat' dir='ltr'>sane</span> 
     </span>
     <span class='ocr_line' id='line_1_21' title="bbox 631 2987 2282 3101; baseline -0.003 -32"><span class='ocrx_word' id='word_1_218' title='bbox 631 2990 817 3069; x_wconf 78' lang='lat' dir='ltr'>Annalium</span> <span class='ocrx_word' id='word_1_219' title='bbox 849 3019 929 3101; x_wconf 85' lang='lat' dir='ltr'>pag.</span> <span class='ocrx_word' id='word_1_220' title='bbox 974 3018 1002 3069; x_wconf 88' lang='lat' dir='ltr'>rt</span> <span class='ocrx_word' id='word_1_221' title='bbox 1039 2995 1107 3092; x_wconf 79' lang='lat' dir='ltr'>jam</span> <span class='ocrx_word' id='word_1_222' title='bbox 1145 2989 1425 3067; x_wconf 84' lang='lat' dir='ltr'>observavimus.</span> <span class='ocrx_word' id='word_1_223' title='bbox 1486 2987 1514 3065; x_wconf 89' lang='lat' dir='ltr'>is</span> <span class='ocrx_word' id='word_1_224' title='bbox 1542 3011 1593 3066; x_wconf 88' lang='lat' dir='ltr'>est</span> <span class='ocrx_word' id='word_1_225' title='bbox 1623 3014 1657 3068; x_wconf 90' lang='lat' dir='ltr'>et</span> <span class='ocrx_word' id='word_1_226' title='bbox 1688 2992 1810 3068; x_wconf 90' lang='lat' dir='ltr'>unicus</span> <span class='ocrx_word' id='word_1_227' title='bbox 1854 2991 1958 3067; x_wconf 90' lang='lat' dir='ltr'>iniis</span> <span class='ocrx_word' id='word_1_228' title='bbox 1996 2989 2183 3066; x_wconf 85' lang='lat' dir='ltr'>referendis</span> <span class='ocrx_word' id='word_1_229' title='bbox 2226 3013 2282 3064; x_wconf 90' lang='lat' dir='ltr'>ea·</span> 
     </span>
     <span class='ocr_line' id='line_1_22' title="bbox 630 3101 2281 3210; baseline -0.001 -30"><span class='ocrx_word' id='word_1_230' title='bbox 630 3109 721 3182; x_wconf 89' lang='lat' dir='ltr'>Hinc</span> <span class='ocrx_word' id='word_1_231' title='bbox 769 3107 965 3183; x_wconf 90' lang='lat' dir='ltr'>communis</span> <span class='ocrx_word' id='word_1_232' title='bbox 1006 3105 1099 3182; x_wconf 92' lang='lat' dir='ltr'>illius</span> <span class='ocrx_word' id='word_1_233' title='bbox 1138 3106 1263 3180; x_wconf 89' lang='lat' dir='ltr'>errotis</span> <span class='ocrx_word' id='word_1_234' title='bbox 1304 3106 1427 3210; x_wconf 89' lang='lat' dir='ltr'>origo,</span> <span class='ocrx_word' id='word_1_235' title='bbox 1484 3127 1632 3210; x_wconf 90' lang='lat' dir='ltr'>rumque</span> <span class='ocrx_word' id='word_1_236' title='bbox 1673 3101 1742 3181; x_wconf 86' lang='lat' dir='ltr'>fide</span> <span class='ocrx_word' id='word_1_237' title='bbox 1786 3125 1821 3180; x_wconf 89' lang='lat' dir='ltr'>et</span> <span class='ocrx_word' id='word_1_238' title='bbox 1860 3105 2006 3185; x_wconf 84' lang='lat' dir='ltr'>veritate</span> <span class='ocrx_word' id='word_1_239' title='bbox 2051 3102 2281 3180; x_wconf 86' lang='lat' dir='ltr'>adstruenda.</span> 
     </span>
     <span class='ocr_line' id='line_1_23' title="bbox 628 3215 2283 3326; baseline -0.002 -30"><span class='ocrx_word' id='word_1_240' title='bbox 628 3247 701 3326; x_wconf 92' lang='lat' dir='ltr'>quo</span> <span class='ocrx_word' id='word_1_241' title='bbox 730 3219 962 3298; x_wconf 79' lang='lat' dir='ltr'>CPoliranaa</span> <span class='ocrx_word' id='word_1_242' title='bbox 1001 3219 1072 3294; x_wconf 88' lang='lat' dir='ltr'>fere</span> <span class='ocrx_word' id='word_1_243' title='bbox 1111 3217 1273 3293; x_wconf 89' lang='lat' dir='ltr'>omnibus</span> <span class='ocrx_word' id='word_1_244' title='bbox 1302 3215 1427 3294; x_wconf 92' lang='lat' dir='ltr'>biblio·</span> <span class='ocrx_word' id='word_1_245' title='bbox 1485 3221 1671 3324; x_wconf 91' lang='lat' dir='ltr'>Quotquot</span> <span class='ocrx_word' id='word_1_246' title='bbox 1700 3245 1780 3294; x_wconf 93' lang='lat' dir='ltr'>eum</span> <span class='ocrx_word' id='word_1_247' title='bbox 1821 3239 2074 3326; x_wconf 89' lang='lat' dir='ltr'>praecesserunt</span> <span class='ocrx_word' id='word_1_248' title='bbox 2104 3216 2157 3294; x_wconf 92' lang='lat' dir='ltr'>vel</span> <span class='ocrx_word' id='word_1_249' title='bbox 2185 3241 2283 3294; x_wconf 88' lang='lat' dir='ltr'>seeu-</span> 
     </span>
     <span class='ocr_line' id='line_1_24' title="bbox 628 3328 2283 3441; baseline -0.002 -32"><span class='ocrx_word' id='word_1_250' title='bbox 628 3331 771 3440; x_wconf 86' lang='lat' dir='ltr'>grapbis</span> <span class='ocrx_word' id='word_1_251' title='bbox 803 3331 922 3408; x_wconf 90' lang='lat' dir='ltr'>habita</span> <span class='ocrx_word' id='word_1_252' title='bbox 965 3355 1016 3408; x_wconf 90' lang='lat' dir='ltr'>est</span> <span class='ocrx_word' id='word_1_253' title='bbox 1062 3353 1177 3408; x_wconf 88' lang='lat' dir='ltr'>nostra</span> <span class='ocrx_word' id='word_1_254' title='bbox 1214 3328 1344 3418; x_wconf 89' lang='lat' dir='ltr'>editio,</span> <span class='ocrx_word' id='word_1_255' title='bbox 1373 3328 1429 3405; x_wconf 90' lang='lat' dir='ltr'>bi·</span> <span class='ocrx_word' id='word_1_256' title='bbox 1486 3329 1513 3406; x_wconf 90' lang='lat' dir='ltr'>ti</span> <span class='ocrx_word' id='word_1_257' title='bbox 1554 3357 1656 3423; x_wconf 85' lang='lat' dir='ltr'>sunt,</span> <span class='ocrx_word' id='word_1_258' title='bbox 1696 3331 1824 3410; x_wconf 85' lang='lat' dir='ltr'>Wolfio</span> <span class='ocrx_word' id='word_1_259' title='bbox 1866 3356 2015 3441; x_wconf 83' lang='lat' dir='ltr'>excepto</span> <span class='ocrx_word' id='word_1_260' title='bbox 2053 3329 2115 3437; x_wconf 92' lang='lat' dir='ltr'>qui</span> <span class='ocrx_word' id='word_1_261' title='bbox 2146 3333 2178 3406; x_wconf 95' lang='lat' dir='ltr'>in</span> <span class='ocrx_word' id='word_1_262' title='bbox 2208 3333 2283 3435; x_wconf 85' lang='lat' dir='ltr'>ejus</span> 
     </span>
     <span class='ocr_line' id='line_1_25' title="bbox 630 3442 2285 3554; baseline 0.001 -34"><span class='ocrx_word' id='word_1_263' title='bbox 630 3471 761 3552; x_wconf 88' lang='lat' dir='ltr'>uaeque</span> <span class='ocrx_word' id='word_1_264' title='bbox 790 3443 996 3522; x_wconf 87' lang='lat' dir='ltr'>CPoliranae</span> <span class='ocrx_word' id='word_1_265' title='bbox 1025 3442 1070 3520; x_wconf 92' lang='lat' dir='ltr'>ab</span> <span class='ocrx_word' id='word_1_266' title='bbox 1095 3442 1133 3520; x_wconf 89' lang='lat' dir='ltr'>iis</span> <span class='ocrx_word' id='word_1_267' title='bbox 1152 3443 1318 3522; x_wconf 87' lang='lat' dir='ltr'>confictae</span> <span class='ocrx_word' id='word_1_268' title='bbox 1338 3468 1427 3550; x_wconf 87' lang='lat' dir='ltr'>quae</span> <span class='ocrx_word' id='word_1_269' title='bbox 1486 3445 1685 3523; x_wconf 87' lang='lat' dir='ltr'>testimonio</span> <span class='ocrx_word' id='word_1_270' title='bbox 1714 3447 1922 3554; x_wconf 86' lang='lat' dir='ltr'>acquiescit,</span> <span class='ocrx_word' id='word_1_271' title='bbox 1960 3445 2095 3522; x_wconf 86' lang='lat' dir='ltr'>unicam</span> <span class='ocrx_word' id='word_1_272' title='bbox 2125 3471 2285 3522; x_wconf 89' lang='lat' dir='ltr'>comme·</span> 
     </span>
     <span class='ocr_line' id='line_1_26' title="bbox 630 3557 2284 3668; baseline -0.002 -32"><span class='ocrx_word' id='word_1_273' title='bbox 630 3585 701 3636; x_wconf 90' lang='lat' dir='ltr'>non</span> <span class='ocrx_word' id='word_1_274' title='bbox 730 3557 906 3637; x_wconf 83' lang='lat' dir='ltr'>existunt.</span> <span class='ocrx_word' id='word_1_275' title='bbox 1487 3583 1652 3636; x_wconf 90' lang='lat' dir='ltr'>morant.</span> <span class='ocrx_word' id='word_1_276' title='bbox 1688 3561 1797 3637; x_wconf 91' lang='lat' dir='ltr'>Unica</span> <span class='ocrx_word' id='word_1_277' title='bbox 1836 3560 2015 3667; x_wconf 91' lang='lat' dir='ltr'>hucusque</span> <span class='ocrx_word' id='word_1_278' title='bbox 2051 3557 2284 3668; x_wconf 84' lang='lat' dir='ltr'>dignoscitur,</span> 
     </span>
    </p>

    <p class='ocr_par' dir='ltr' id='par_1_3' title="bbox 716 3671 2282 3782">
     <span class='ocr_line' id='line_1_27' title="bbox 716 3671 2282 3782; baseline -0.001 -32"><span class='ocrx_word' id='word_1_279' title='bbox 716 3679 786 3750; x_wconf 92' lang='lat' dir='ltr'>Nec</span> <span class='ocrx_word' id='word_1_280' title='bbox 818 3675 943 3750; x_wconf 89' lang='lat' dir='ltr'>mirum</span> <span class='ocrx_word' id='word_1_281' title='bbox 971 3671 1190 3752; x_wconf 86' lang='lat' dir='ltr'>CPoliranam</span> <span class='ocrx_word' id='word_1_282' title='bbox 1228 3671 1322 3750; x_wconf 89' lang='lat' dir='ltr'>credi</span> <span class='ocrx_word' id='word_1_283' title='bbox 1350 3671 1429 3750; x_wconf 86' lang='lat' dir='ltr'>edi·-</span> <span class='ocrx_word' id='word_1_284' title='bbox 1487 3671 1587 3750; x_wconf 89' lang='lat' dir='ltr'>unica</span> <span class='ocrx_word' id='word_1_285' title='bbox 1615 3697 1733 3767; x_wconf 83' lang='lat' dir='ltr'>extat,</span> <span class='ocrx_word' id='word_1_286' title='bbox 1762 3699 1894 3782; x_wconf 91' lang='lat' dir='ltr'>nosque</span> <span class='ocrx_word' id='word_1_287' title='bbox 1922 3675 1983 3782; x_wconf 89' lang='lat' dir='ltr'>qui</span> <span class='ocrx_word' id='word_1_288' title='bbox 2027 3672 2178 3750; x_wconf 90' lang='lat' dir='ltr'>multum</span> <span class='ocrx_word' id='word_1_289' title='bbox 2208 3695 2282 3748; x_wconf 81' lang='lat' dir='ltr'>stu-</span> 
     </span>
    </p>
   </div>
   <div class='ocr_carea' id='block_1_3' title="bbox 630 3783 2327 3896">
    <p class='ocr_par' dir='ltr' id='par_1_4' title="bbox 630 3783 2327 3896">
     <span class='ocr_line' id='line_1_28' title="bbox 630 3783 2327 3896; baseline 0.001 -34"><span class='ocrx_word' id='word_1_290' title='bbox 630 3785 761 3862; x_wconf 89' lang='lat' dir='ltr'>tionem</span> <span class='ocrx_word' id='word_1_291' title='bbox 785 3788 1079 3894; x_wconf 82' lang='lat' dir='ltr'>antiquissimam,</span> <span class='ocrx_word' id='word_1_292' title='bbox 1101 3811 1258 3875; x_wconf 87' lang='lat' dir='ltr'>vetusto,</span> <span class='ocrx_word' id='word_1_293' title='bbox 1289 3786 1428 3863; x_wconf 90' lang='lat' dir='ltr'>inusita·</span> <span class='ocrx_word' id='word_1_294' title='bbox 1484 3783 1581 3862; x_wconf 88' lang='lat' dir='ltr'>dium</span> <span class='ocrx_word' id='word_1_295' title='bbox 1622 3813 1656 3864; x_wconf 91' lang='lat' dir='ltr'>et</span> <span class='ocrx_word' id='word_1_296' title='bbox 1698 3815 1839 3896; x_wconf 88' lang='lat' dir='ltr'>operam</span> <span class='ocrx_word' id='word_1_297' title='bbox 1881 3789 1916 3865; x_wconf 92' lang='lat' dir='ltr'>in</span> <span class='ocrx_word' id='word_1_298' title='bbox 1956 3787 1997 3865; x_wconf 85' lang='lat' dir='ltr'>iis</span> <span class='ocrx_word' id='word_1_299' title='bbox 2038 3785 2283 3894; x_wconf 87' lang='lat' dir='ltr'>conquirendis</span> <span class='ocrx_word' id='word_1_300' title='bbox 2323 3797 2327 3805; x_wconf 82' lang='grc'><strong>“</strong></span> 
     </span>
    </p>
   </div>
   <div class='ocr_carea' id='block_1_4' title="bbox 626 3899 2284 5260">
    <p class='ocr_par' dir='ltr' id='par_1_5' title="bbox 626 3899 2284 5260">
     <span class='ocr_line' id='line_1_29' title="bbox 628 3899 2282 4010; baseline 0.001 -32"><span class='ocrx_word' id='word_1_301' title='bbox 628 3922 679 3988; x_wconf 86' lang='grc' dir='ltr'>ιο,</span> <span class='ocrx_word' id='word_1_302' title='bbox 716 3900 875 4010; x_wconf 88' lang='lat' dir='ltr'>singulari</span> <span class='ocrx_word' id='word_1_303' title='bbox 897 3901 1090 3980; x_wconf 89' lang='lat' dir='ltr'>charactere</span> <span class='ocrx_word' id='word_1_304' title='bbox 1110 3925 1307 4009; x_wconf 84' lang='lat' dir='ltr'>expressam</span> <span class='ocrx_word' id='word_1_305' title='bbox 1325 3924 1428 4005; x_wconf 88' lang='lat' dir='ltr'>arque</span> <span class='ocrx_word' id='word_1_306' title='bbox 1486 3899 1690 4006; x_wconf 82' lang='lat' dir='ltr'>posuimus,</span> <span class='ocrx_word' id='word_1_307' title='bbox 1731 3903 1831 3980; x_wconf 90' lang='lat' dir='ltr'>unius</span> <span class='ocrx_word' id='word_1_308' title='bbox 1869 3903 2013 4009; x_wconf 90' lang='lat' dir='ltr'>quidem</span> <span class='ocrx_word' id='word_1_309' title='bbox 2056 3928 2116 3978; x_wconf 90' lang='lat' dir='ltr'>seu</span> <span class='ocrx_word' id='word_1_310' title='bbox 2146 3924 2282 3979; x_wconf 89' lang='lat' dir='ltr'>nostrae</span> 
     </span>
     <span class='ocr_line' id='line_1_30' title="bbox 627 4011 2283 4124; baseline -0.001 -33"><span class='ocrx_word' id='word_1_311' title='bbox 627 4013 662 4091; x_wconf 89' lang='lat' dir='ltr'>in</span> <span class='ocrx_word' id='word_1_312' title='bbox 693 4013 782 4092; x_wconf 91' lang='lat' dir='ltr'>hauc</span> <span class='ocrx_word' id='word_1_313' title='bbox 810 4021 1010 4093; x_wconf 88' lang='lat' dir='ltr'>sententiam</span> <span class='ocrx_word' id='word_1_314' title='bbox 1033 4015 1216 4122; x_wconf 89' lang='lat' dir='ltr'>plerosque</span> <span class='ocrx_word' id='word_1_315' title='bbox 1242 4015 1428 4095; x_wconf 86' lang='lat' dir='ltr'>concessis·</span> <span class='ocrx_word' id='word_1_316' title='bbox 1485 4011 1587 4118; x_wconf 85' lang='lat' dir='ltr'>hujus</span> <span class='ocrx_word' id='word_1_317' title='bbox 1616 4017 1714 4124; x_wconf 89' lang='lat' dir='ltr'>plura</span> <span class='ocrx_word' id='word_1_318' title='bbox 1742 4017 1947 4094; x_wconf 88' lang='lat' dir='ltr'>corrasimus</span> <span class='ocrx_word' id='word_1_319' title='bbox 1985 4016 2170 4124; x_wconf 84' lang='lat' dir='ltr'>exempla,</span> <span class='ocrx_word' id='word_1_320' title='bbox 2207 4013 2283 4090; x_wconf 92' lang='lat' dir='ltr'>nul·</span> 
     </span>
     <span class='ocr_line' id='line_1_31' title="bbox 627 4125 2279 4240; baseline -0.001 -36"><span class='ocrx_word' id='word_1_321' title='bbox 627 4153 662 4204; x_wconf 89' lang='lat' dir='ltr'>se</span> <span class='ocrx_word' id='word_1_322' title='bbox 691 4129 844 4234; x_wconf 90' lang='lat' dir='ltr'>quieam</span> <span class='ocrx_word' id='word_1_323' title='bbox 875 4157 944 4206; x_wconf 91' lang='lat' dir='ltr'>non</span> <span class='ocrx_word' id='word_1_324' title='bbox 974 4127 1149 4207; x_wconf 86' lang='lat' dir='ltr'>viderant.</span> <span class='ocrx_word' id='word_1_325' title='bbox 1177 4127 1267 4206; x_wconf 90' lang='lat' dir='ltr'>illud</span> <span class='ocrx_word' id='word_1_326' title='bbox 1298 4129 1446 4204; x_wconf 68' lang='lat' dir='ltr'>miran-«</span> <span class='ocrx_word' id='word_1_327' title='bbox 1484 4125 1558 4204; x_wconf 92' lang='lat' dir='ltr'>lum</span> <span class='ocrx_word' id='word_1_328' title='bbox 1602 4129 1740 4210; x_wconf 88' lang='lat' dir='ltr'>alterius</span> <span class='ocrx_word' id='word_1_329' title='bbox 1779 4129 2036 4240; x_wconf 86' lang='lat' dir='ltr'>fragmentum.</span> <span class='ocrx_word' id='word_1_330' title='bbox 2076 4137 2114 4206; x_wconf 86' lang='lat' dir='ltr'>ln</span> <span class='ocrx_word' id='word_1_331' title='bbox 2157 4131 2279 4205; x_wconf 91' lang='lat' dir='ltr'>Conari</span> 
     </span>
     <span class='ocr_line' id='line_1_32' title="bbox 627 4241 2282 4352; baseline -0.001 -35"><span class='ocrx_word' id='word_1_332' title='bbox 627 4241 713 4320; x_wconf 90' lang='lat' dir='ltr'>dum</span> <span class='ocrx_word' id='word_1_333' title='bbox 739 4244 905 4321; x_wconf 86' lang='lat' dir='ltr'>Wolfium</span> <span class='ocrx_word' id='word_1_334' title='bbox 936 4269 1020 4320; x_wconf 92' lang='lat' dir='ltr'>tom.</span> <span class='ocrx_word' id='word_1_335' title='bbox 1048 4247 1063 4318; x_wconf 90' lang='lat'><strong>1</strong></span> <span class='ocrx_word' id='word_1_336' title='bbox 1095 4270 1126 4350; x_wconf 89' lang='lat' dir='ltr'>p.</span> <span class='ocrx_word' id='word_1_337' title='bbox 1159 4244 1237 4341; x_wconf 80' lang='lat'>516</span> <span class='ocrx_word' id='word_1_338' title='bbox 1274 4243 1307 4317; x_wconf 90' lang='lat' dir='ltr'>in</span> <span class='ocrx_word' id='word_1_339' title='bbox 1338 4241 1427 4318; x_wconf 89' lang='lat' dir='ltr'>notis</span> <span class='ocrx_word' id='word_1_340' title='bbox 1483 4241 1672 4352; x_wconf 89' lang='lat' dir='ltr'>epigraphe</span> <span class='ocrx_word' id='word_1_341' title='bbox 1711 4243 1804 4322; x_wconf 87' lang='lat' dir='ltr'>nulla</span> <span class='ocrx_word' id='word_1_342' title='bbox 1841 4244 1991 4352; x_wconf 88' lang='lat' dir='ltr'>duplicis</span> <span class='ocrx_word' id='word_1_343' title='bbox 2032 4242 2195 4321; x_wconf 91' lang='lat' dir='ltr'>editionis</span> <span class='ocrx_word' id='word_1_344' title='bbox 2224 4265 2282 4317; x_wconf 90' lang='lat' dir='ltr'>ve·</span> 
     </span>
     <span class='ocr_line' id='line_1_33' title="bbox 627 4354 2280 4466; baseline -0.001 -34"><span class='ocrx_word' id='word_1_345' title='bbox 627 4380 661 4432; x_wconf 91' lang='lat' dir='ltr'>et</span> <span class='ocrx_word' id='word_1_346' title='bbox 691 4382 727 4462; x_wconf 92' lang='lat' dir='ltr'>p.</span> <span class='ocrx_word' id='word_1_347' title='bbox 770 4381 872 4458; x_wconf 83' lang='lat'>517,</span> <span class='ocrx_word' id='word_1_348' title='bbox 898 4355 982 4434; x_wconf 90' lang='lat' dir='ltr'>dum</span> <span class='ocrx_word' id='word_1_349' title='bbox 1009 4357 1152 4434; x_wconf 82' lang='lat' dir='ltr'>Azariae</span> <span class='ocrx_word' id='word_1_350' title='bbox 1181 4379 1318 4432; x_wconf 82' lang='lat' dir='ltr'>textum</span> <span class='ocrx_word' id='word_1_351' title='bbox 1346 4382 1426 4462; x_wconf 90' lang='lat' dir='ltr'>pro·</span> <span class='ocrx_word' id='word_1_352' title='bbox 1482 4356 1604 4464; x_wconf 87' lang='lat' dir='ltr'>stigia,</span> <span class='ocrx_word' id='word_1_353' title='bbox 1642 4383 1706 4433; x_wconf 90' lang='lat' dir='ltr'>nec</span> <span class='ocrx_word' id='word_1_354' title='bbox 1745 4357 1938 4436; x_wconf 89' lang='lat' dir='ltr'>verosimile</span> <span class='ocrx_word' id='word_1_355' title='bbox 1974 4381 2026 4434; x_wconf 86' lang='lat' dir='ltr'>est</span> <span class='ocrx_word' id='word_1_356' title='bbox 2066 4357 2186 4466; x_wconf 91' lang='lat' dir='ltr'>primis</span> <span class='ocrx_word' id='word_1_357' title='bbox 2215 4354 2280 4431; x_wconf 86' lang='lat' dir='ltr'>illis</span> 
     </span>
     <span class='ocr_line' id='line_1_34' title="bbox 626 4467 2279 4580; baseline -0.001 -35"><span class='ocrx_word' id='word_1_358' title='bbox 626 4467 723 4547; x_wconf 91' lang='lat' dir='ltr'>ducit</span> <span class='ocrx_word' id='word_1_359' title='bbox 751 4495 857 4576; x_wconf 91' lang='lat' dir='ltr'>quern</span> <span class='ocrx_word' id='word_1_360' title='bbox 886 4497 986 4578; x_wconf 91' lang='lat' dir='ltr'>supra</span> <span class='ocrx_word' id='word_1_361' title='bbox 1005 4469 1204 4561; x_wconf 85' lang='lat' dir='ltr'>innuimus,</span> <span class='ocrx_word' id='word_1_362' title='bbox 1220 4469 1364 4546; x_wconf 90' lang='lat' dir='ltr'>fidenter</span> <span class='ocrx_word' id='word_1_363' title='bbox 1383 4467 1427 4546; x_wconf 87' lang='lat' dir='ltr'>ad</span> <span class='ocrx_word' id='word_1_364' title='bbox 1482 4469 1564 4545; x_wconf 88' lang='lat' dir='ltr'>artis</span> <span class='ocrx_word' id='word_1_365' title='bbox 1593 4471 1807 4577; x_wconf 89' lang='lat' dir='ltr'>temporibus</span> <span class='ocrx_word' id='word_1_366' title='bbox 1834 4499 1874 4550; x_wconf 91' lang='lat' dir='ltr'>ac</span> <span class='ocrx_word' id='word_1_367' title='bbox 1895 4497 2085 4580; x_wconf 90' lang='lat' dir='ltr'>pancorum</span> <span class='ocrx_word' id='word_1_368' title='bbox 2110 4495 2279 4545; x_wconf 91' lang='lat' dir='ltr'>annorum</span> 
     </span>
     <span class='ocr_line' id='line_1_35' title="bbox 627 4581 2280 4694; baseline 0 -36"><span class='ocrx_word' id='word_1_369' title='bbox 627 4607 708 4658; x_wconf 89' lang='lat' dir='ltr'>eum</span> <span class='ocrx_word' id='word_1_370' title='bbox 738 4583 913 4690; x_wconf 88' lang='lat' dir='ltr'>appellate</span> <span class='ocrx_word' id='word_1_371' title='bbox 941 4584 1001 4690; x_wconf 92' lang='lat' dir='ltr'>qui</span> <span class='ocrx_word' id='word_1_372' title='bbox 1042 4605 1184 4660; x_wconf 88' lang='lat' dir='ltr'>testetur</span> <span class='ocrx_word' id='word_1_373' title='bbox 1225 4581 1321 4659; x_wconf 89' lang='lat' dir='ltr'>binas</span> <span class='ocrx_word' id='word_1_374' title='bbox 1355 4581 1427 4659; x_wconf 85' lang='lat' dir='ltr'>illas</span> <span class='ocrx_word' id='word_1_375' title='bbox 1480 4583 1590 4690; x_wconf 89' lang='lat' dir='ltr'>spatio</span> <span class='ocrx_word' id='word_1_376' title='bbox 1618 4611 1690 4692; x_wconf 94' lang='lat' dir='ltr'>quo</span> <span class='ocrx_word' id='word_1_377' title='bbox 1718 4583 1823 4664; x_wconf 89' lang='lat' dir='ltr'>libros</span> <span class='ocrx_word' id='word_1_378' title='bbox 1861 4587 2055 4694; x_wconf 87' lang='lat' dir='ltr'>impressit,</span> <span class='ocrx_word' id='word_1_379' title='bbox 2082 4609 2163 4660; x_wconf 88' lang='lat' dir='ltr'>eum</span> <span class='ocrx_word' id='word_1_380' title='bbox 2195 4582 2280 4658; x_wconf 89' lang='lat' dir='ltr'>duas</span> 
     </span>
     <span class='ocr_line' id='line_1_36' title="bbox 628 4694 2282 4808; baseline 0.001 -38"><span class='ocrx_word' id='word_1_381' title='bbox 628 4694 830 4772; x_wconf 87' lang='lat' dir='ltr'>CPolitauas</span> <span class='ocrx_word' id='word_1_382' title='bbox 858 4696 1024 4774; x_wconf 91' lang='lat' dir='ltr'>editiones</span> <span class='ocrx_word' id='word_1_383' title='bbox 1057 4696 1253 4776; x_wconf 88' lang='lat' dir='ltr'>Abralramo</span> <span class='ocrx_word' id='word_1_384' title='bbox 1291 4697 1426 4772; x_wconf 91' lang='lat' dir='ltr'>Conato</span> <span class='ocrx_word' id='word_1_385' title='bbox 1483 4695 1634 4774; x_wconf 89' lang='lat' dir='ltr'>diversas</span> <span class='ocrx_word' id='word_1_386' title='bbox 1674 4699 1776 4803; x_wconf 88' lang='lat' dir='ltr'>hujus</span> <span class='ocrx_word' id='word_1_387' title='bbox 1812 4703 1925 4808; x_wconf 89' lang='lat' dir='ltr'>operis</span> <span class='ocrx_word' id='word_1_388' title='bbox 1962 4699 2130 4775; x_wconf 89' lang='lat' dir='ltr'>editiones</span> <span class='ocrx_word' id='word_1_389' title='bbox 2150 4721 2282 4773; x_wconf 81' lang='lat' dir='ltr'>¹susce·</span> 
     </span>
     <span class='ocr_line' id='line_1_37' title="bbox 626 4805 2284 4924; baseline 0.002 -43"><span class='ocrx_word' id='word_1_390' title='bbox 626 4805 772 4901; x_wconf 85' lang='lat' dir='ltr'>deberi,</span> <span class='ocrx_word' id='word_1_391' title='bbox 801 4833 845 4884; x_wconf 85' lang='lat' dir='ltr'>ex</span> <span class='ocrx_word' id='word_1_392' title='bbox 874 4815 1015 4916; x_wconf 86' lang='lat' dir='ltr'>ejusque</span> <span class='ocrx_word' id='word_1_393' title='bbox 1045 4811 1158 4888; x_wconf 88' lang='lat' dir='ltr'>verbis</span> <span class='ocrx_word' id='word_1_394' title='bbox 1183 4833 1326 4918; x_wconf 85' lang='lat' dir='ltr'>arguere</span> <span class='ocrx_word' id='word_1_395' title='bbox 1347 4833 1427 4885; x_wconf 86' lang='lat' dir='ltr'>ante</span> <span class='ocrx_word' id='word_1_396' title='bbox 1484 4811 1595 4916; x_wconf 89' lang='lat' dir='ltr'>pisse.</span> <span class='ocrx_word' id='word_1_397' title='bbox 1622 4809 1770 4890; x_wconf 88' lang='lat' dir='ltr'>Videtur</span> <span class='ocrx_word' id='word_1_398' title='bbox 1799 4840 1865 4924; x_wconf 88' lang='lat' dir='ltr'>ego</span> <span class='ocrx_word' id='word_1_399' title='bbox 1895 4812 2035 4891; x_wconf 81' lang='lat' dir='ltr'>hzarius</span> <span class='ocrx_word' id='word_1_400' title='bbox 2063 4811 2129 4890; x_wconf 91' lang='lat' dir='ltr'>sub</span> <span class='ocrx_word' id='word_1_401' title='bbox 2155 4834 2198 4886; x_wconf 88' lang='lat' dir='ltr'>eo</span> <span class='ocrx_word' id='word_1_402' title='bbox 2220 4835 2284 4885; x_wconf 92' lang='lat' dir='ltr'>no·</span> 
     </span>
     <span class='ocr_line' id='line_1_38' title="bbox 627 4921 2280 5022; baseline 0.002 -25"><span class='ocrx_word' id='word_1_403' title='bbox 627 4921 846 4999; x_wconf 89' lang='lat' dir='ltr'>CPoliranam</span> <span class='ocrx_word' id='word_1_404' title='bbox 877 4923 970 4998; x_wconf 92' lang='lat' dir='ltr'>illam</span> <span class='ocrx_word' id='word_1_405' title='bbox 1000 4925 1079 5000; x_wconf 89' lang='lat' dir='ltr'>anni</span> <span class='ocrx_word' id='word_1_406' title='bbox 1109 4950 1212 5022; x_wconf 78' lang='lat'>¹490</span> <span class='ocrx_word' id='word_1_407' title='bbox 1242 4923 1425 5001; x_wconf 85' lang='lat' dir='ltr'>Turcieam</span> <span class='ocrx_word' id='word_1_408' title='bbox 1483 4925 1575 5000; x_wconf 87' lang='lat' dir='ltr'>mine</span> <span class='ocrx_word' id='word_1_409' title='bbox 1619 4926 1698 5002; x_wconf 92' lang='lat' dir='ltr'>bina</span> <span class='ocrx_word' id='word_1_410' title='bbox 1747 4950 1882 5004; x_wconf 89' lang='lat' dir='ltr'>tantum</span> <span class='ocrx_word' id='word_1_411' title='bbox 1932 4951 2066 5004; x_wconf 86' lang='lat' dir='ltr'>nostrae</span> <span class='ocrx_word' id='word_1_412' title='bbox 2118 4923 2280 5000; x_wconf 87' lang='lat' dir='ltr'>editionis</span> 
     </span>
     <span class='ocr_line' id='line_1_39' title="bbox 627 5035 2280 5148; baseline 0.001 -36"><span class='ocrx_word' id='word_1_413' title='bbox 627 5035 778 5112; x_wconf 83' lang='lat' dir='ltr'>extitisse</span> <span class='ocrx_word' id='word_1_414' title='bbox 811 5059 845 5112; x_wconf 88' lang='lat' dir='ltr'>et</span> <span class='ocrx_word' id='word_1_415' title='bbox 876 5062 1055 5142; x_wconf 89' lang='lat' dir='ltr'>utramque</span> <span class='ocrx_word' id='word_1_416' title='bbox 1096 5036 1283 5114; x_wconf 91' lang='lat' dir='ltr'>editionem</span> <span class='ocrx_word' id='word_1_417' title='bbox 1313 5042 1426 5113; x_wconf 89' lang='lat' dir='ltr'>Vene-</span> <span class='ocrx_word' id='word_1_418' title='bbox 1481 5038 1640 5144; x_wconf 82' lang='lat' dir='ltr'>exempla</span> <span class='ocrx_word' id='word_1_419' title='bbox 1670 5038 1815 5117; x_wconf 87' lang='lat' dir='ltr'>voluisse</span> <span class='ocrx_word' id='word_1_420' title='bbox 1861 5041 2052 5148; x_wconf 89' lang='lat' dir='ltr'>intelligere</span> <span class='ocrx_word' id='word_1_421' title='bbox 2081 5063 2170 5146; x_wconf 89' lang='lat' dir='ltr'>quae</span> <span class='ocrx_word' id='word_1_422' title='bbox 2200 5062 2280 5145; x_wconf 88' lang='lat' dir='ltr'>prae</span> 
     </span>
     <span class='ocr_line' id='line_1_40' title="bbox 626 5148 2283 5260; baseline -0.001 -33"><span class='ocrx_word' id='word_1_423' title='bbox 626 5171 660 5227; x_wconf 87' lang='lat' dir='ltr'>ta</span> <span class='ocrx_word' id='word_1_424' title='bbox 683 5149 831 5259; x_wconf 87' lang='lat' dir='ltr'>priorem</span> <span class='ocrx_word' id='word_1_425' title='bbox 852 5151 897 5227; x_wconf 93' lang='lat' dir='ltr'>ab</span> <span class='ocrx_word' id='word_1_426' title='bbox 924 5148 1048 5227; x_wconf 88' lang='lat' dir='ltr'>eodem</span> <span class='ocrx_word' id='word_1_427' title='bbox 1078 5154 1211 5226; x_wconf 90' lang='lat' dir='ltr'>Conato</span> <span class='ocrx_word' id='word_1_428' title='bbox 1239 5150 1341 5227; x_wconf 88' lang='lat' dir='ltr'>fuisse</span> <span class='ocrx_word' id='word_1_429' title='bbox 1364 5177 1423 5226; x_wconf 89' lang='lat' dir='ltr'>eu·</span> <span class='ocrx_word' id='word_1_430' title='bbox 1480 5151 1639 5228; x_wconf 89' lang='lat' dir='ltr'>manibus</span> <span class='ocrx_word' id='word_1_431' title='bbox 1667 5152 1837 5230; x_wconf 87' lang='lat' dir='ltr'>habebat.</span> <span class='ocrx_word' id='word_1_432' title='bbox 1876 5160 1925 5232; x_wconf 90' lang='lat' dir='ltr'>lta</span> <span class='ocrx_word' id='word_1_433' title='bbox 1955 5153 2175 5231; x_wconf 86' lang='lat' dir='ltr'>statuendum</span> <span class='ocrx_word' id='word_1_434' title='bbox 2205 5151 2283 5260; x_wconf 86' lang='lat' dir='ltr'>opi·</span> 
     </span>
    </p>
   </div>
   <div class='ocr_carea' id='block_1_5' title="bbox 626 5263 2285 5374">
    <p class='ocr_par' dir='ltr' id='par_1_6' title="bbox 626 5263 2285 5374">
     <span class='ocr_line' id='line_1_41' title="bbox 626 5263 2285 5374; baseline -0.001 -30"><span class='ocrx_word' id='word_1_435' title='bbox 626 5288 757 5344; x_wconf 88' lang='lat' dir='ltr'>raram.</span> <span class='ocrx_word' id='word_1_436' title='bbox 794 5270 862 5342; x_wconf 85' lang='lat' dir='ltr'>Tot</span> <span class='ocrx_word' id='word_1_437' title='bbox 892 5265 1007 5342; x_wconf 84' lang='lat' dir='ltr'>ferme</span> <span class='ocrx_word' id='word_1_438' title='bbox 1027 5291 1159 5342; x_wconf 88' lang='lat' dir='ltr'>errores</span> <span class='ocrx_word' id='word_1_439' title='bbox 1186 5289 1272 5370; x_wconf 90' lang='lat' dir='ltr'>quot</span> <span class='ocrx_word' id='word_1_440' title='bbox 1304 5263 1425 5341; x_wconf 85' lang='lat' dir='ltr'>verba·</span> <span class='ocrx_word' id='word_1_441' title='bbox 1480 5291 1544 5341; x_wconf 92' lang='lat' dir='ltr'>nor</span> <span class='ocrx_word' id='word_1_442' title='bbox 1569 5263 1681 5343; x_wconf 91' lang='lat' dir='ltr'>donec</span> <span class='ocrx_word' id='word_1_443' title='bbox 1709 5266 1850 5374; x_wconf 88' lang='lat' dir='ltr'>aliquod</span> <span class='ocrx_word' id='word_1_444' title='bbox 1889 5293 1958 5344; x_wconf 88' lang='lat' dir='ltr'>non</span> <span class='ocrx_word' id='word_1_445' title='bbox 1989 5265 2201 5374; x_wconf 91' lang='lat' dir='ltr'>producatur</span> <span class='ocrx_word' id='word_1_446' title='bbox 2229 5291 2285 5342; x_wconf 91' lang='lat' dir='ltr'>se·</span> 
     </span>
    </p>
   </div>
   <div class='ocr_carea' id='block_1_6' title="bbox 584 5376 2281 5586">
    <p class='ocr_par' dir='ltr' id='par_1_7' title="bbox 584 5376 2281 5586">
     <span class='ocr_line' id='line_1_42' title="bbox 584 5376 2281 5492; baseline 0.003 -39"><span class='ocrx_word' id='word_1_447' title='bbox 584 5385 586 5390; x_wconf 84' lang='lat'>&#39;</span> <span class='ocrx_word' id='word_1_448' title='bbox 627 5376 810 5456; x_wconf 86' lang='lat' dir='ltr'>CPolirana</span> <span class='ocrx_word' id='word_1_449' title='bbox 839 5406 906 5456; x_wconf 91' lang='lat' dir='ltr'>una</span> <span class='ocrx_word' id='word_1_450' title='bbox 935 5404 1010 5468; x_wconf 85' lang='lat' dir='ltr'>est,</span> <span class='ocrx_word' id='word_1_451' title='bbox 1040 5403 1213 5485; x_wconf 88' lang='lat' dir='ltr'>unamque</span> <span class='ocrx_word' id='word_1_452' title='bbox 1242 5379 1307 5455; x_wconf 89' lang='lat' dir='ltr'>sub</span> <span class='ocrx_word' id='word_1_453' title='bbox 1334 5383 1426 5455; x_wconf 88' lang='lat' dir='ltr'>Tur·</span> <span class='ocrx_word' id='word_1_454' title='bbox 1480 5377 1612 5456; x_wconf 88' lang='lat' dir='ltr'>eundae</span> <span class='ocrx_word' id='word_1_455' title='bbox 1652 5381 1814 5459; x_wconf 89' lang='lat' dir='ltr'>editionis</span> <span class='ocrx_word' id='word_1_456' title='bbox 1852 5382 2030 5492; x_wconf 79' lang='lat' dir='ltr'>exemplar</span> <span class='ocrx_word' id='word_1_457' title='bbox 2069 5381 2168 5490; x_wconf 92' lang='lat' dir='ltr'>quod</span> <span class='ocrx_word' id='word_1_458' title='bbox 2206 5405 2281 5458; x_wconf 89' lang='lat' dir='ltr'>rern</span> 
     </span>
     <span class='ocr_line' id='line_1_43' title="bbox 626 5489 1643 5586; baseline 0.004 -18"><span class='ocrx_word' id='word_1_459' title='bbox 626 5495 718 5574; x_wconf 88' lang='lat' dir='ltr'>cicae</span> <span class='ocrx_word' id='word_1_460' title='bbox 748 5495 906 5584; x_wconf 90' lang='lat' dir='ltr'>nomine,</span> <span class='ocrx_word' id='word_1_461' title='bbox 935 5519 1003 5570; x_wconf 92' lang='lat' dir='ltr'>non</span> <span class='ocrx_word' id='word_1_462' title='bbox 1033 5493 1140 5586; x_wconf 87' lang='lat' dir='ltr'>duas,</span> <span class='ocrx_word' id='word_1_463' title='bbox 1169 5493 1308 5574; x_wconf 84' lang='lat' dir='ltr'>Anarias</span> <span class='ocrx_word' id='word_1_464' title='bbox 1329 5519 1425 5572; x_wconf 90' lang='lat' dir='ltr'>eom·</span> <span class='ocrx_word' id='word_1_465' title='bbox 1480 5489 1643 5572; x_wconf 88' lang='lat' dir='ltr'>dirimat.</span> 
     </span>
    </p>
   </div>
   <div class='ocr_carea' id='block_1_7' title="bbox 2520 729 2522 994">
    <p class='ocr_par' dir='ltr' id='par_1_8' title="bbox 2520 729 2522 994">
     <span class='ocr_line' id='line_1_44' title="bbox 2520 729 2522 828; baseline 0 0"><span class='ocrx_word' id='word_1_466' title='bbox 2520 729 2522 828; x_wconf 91' lang='lat' dir='ltr'>l</span> 
     </span>
     <span class='ocr_line' id='line_1_45' title="bbox 2521 909 2522 994; baseline 0 0"><span class='ocrx_word' id='word_1_467' title='bbox 2521 909 2522 994; x_wconf 87' lang='lat' dir='ltr'>l</span> 
     </span>
    </p>
   </div>
   <div class='ocr_carea' id='block_1_8' title="bbox 0 0 2578 7094">
    <p class='ocr_par' dir='ltr' id='par_1_9' title="bbox 0 0 2578 7094">
     <span class='ocr_line' id='line_1_46' title="bbox 0 0 2578 7094; baseline 0 2"><span class='ocrx_word' id='word_1_468' title='bbox 0 0 2578 7094; x_wconf 95' lang='lat' dir='ltr'> </span> 
     </span>
    </p>
   </div>
  </div>
 </body>
</html>
