5222 7090
713 811 760 860 aa
1132 787 1505 863 ANNALES
1562 789 1915 864 tran-Tra.

645 1067 648 1072 ¹
711 965 886 1057 occurrit,
909 961 1123 1072 utrobique
1113 989 1146 1038 ru
1168 963 1442 1070 significatione
1432 991 1496 1041 tm·
1553 989 1748 1070 possemus,
1776 963 1810 1038 in
1839 960 1965 1067 quibus
1991 961 2186 1055 scribendi,
2215 964 2345 1039 exscri-

709 1016 886 1183 primeudi
911 1093 986 1153 esse
1025 1075 1253 1162 sumendum,
1294 1076 1420 1182 placuit
1450 1101 1497 1152 ta·
1553 1075 1678 1167 bendi,
1715 1075 1929 1152 describendi
1972 1076 2180 1154 vocabulum
2211 1076 2255 1152 de
2286 1085 2343 1204 ty·

711 1216 790 1266 men
837 1189 1033 1297 plenissime
1069 1217 1189 1266 eorum
1228 1188 1419 1267 difficultati
1448 1216 1499 1264 sa·
1555 1189 1745 1298 pographia
1771 1187 1977 1264 adhibetur.

710 1303 889 1390 tisiacere‚
918 1329 957 1380 ac
986 1302 1108 1380 decem
1136 1302 1303 1379 editiones
1334 1303 1499 1409 produce·

706 1442 764 1504 re,
795 1417 831 1492 in
861 1416 988 1522 quibus
1018 1411 1052 1493 et
1079 1415 1219 1522 quidem
1249 1440 1349 1524 saepe
1370 1416 1497 1522 pluries
1770 1418 2122 1492 Mccccnfflrr

709 1530 743 1605 in
778 1555 844 1606 una
875 1531 1064 1634 eademque
1104 1526 1312 1637 epigraphe,
1351 1528 1496 1625 verbum
1905 1588 2001 1661 VH

704 1665 777 1721 artu
800 1647 834 1718 in
856 1668 896 1717 ea
919 1639 1164 1748 significatione
1187 1641 1373 1747 accipitur.
1402 1647 1499 1718 Prae·

704 1757 779 1832 stiti
810 1780 924 1832 autem
955 1755 1053 1830 hoc
1044 1781 1078 1828 tn
1106 1753 1248 1862 epistola
1275 1753 1319 1830 ad
1347 1754 1497 1831 eundem
1576 1755 1595 1790 x
1639 1758 1887 1828 Pentateucluts
1913 1782 1986 1828 cum
2018 1757 2197 1830 chaldaica
2230 1761 2340 1831 orar-

705 1865 957 1976 Hufnagelium
997 1866 1095 1952 data,
1122 1891 1209 1974 quae
1239 1868 1386 1975 praelixa
1416 1867 1498 1974 legi·
1553 1870 1619 1942 loti
1650 1872 1858 1962 Parapltrast'
1885 1893 1918 1940 ιι
1941 1874 2185 1946 Commentario
2209 1874 2256 1942 R.
2278 1873 2342 1941 Sa·

705 2005 766 2056 tur
798 2007 907 2057 norae
936 1979 1133 2087 Erlangensi
1173 1979 1262 2056 illius
1290 1981 1359 2055 mei
1388 1985 1497 2055 Corn-
1553 1982 1902 2078 lomouisJurcltlsol
1915 1987 2049 2055 Βοιιοιι.
2068 2007 2121 2054 arr.
2155 1976 2189 2057 fr
2209 1999 2342 2054 ceatur!

708 2095 868 2169 menrarii
911 2093 1053 2168 editioni
1094 2093 1138 2168 ab
1166 2119 1208 2168 eo
1236 2117 1392 2169 curatae.
1429 2101 1498 2170 Nos
1553 2097 1596 2166 ab
1627 2099 1669 2167 0.
1700 2099 1761 2179 C.,
1791 2099 1915 2171 christi
1943 2111 2236 2168 mcccctxxxrr.

662 2257 664 2262 .
708 2205 755 2280 ab
786 2206 826 2281 iis
857 2205 1035 2282 afferendis
1064 2204 1344 2313 supersedemus.
1372 2205 1438 2282 Sed
1467 2207 1494 2281 si
1634 2205 1832 2280 Primariam
1855 2205 1942 2280 hanc
1963 2206 2235 2312 rarissimamque
2254 2209 2339 2278 Pen-

704 2317 763 2394 eui
784 2317 912 2426 volupe
934 2343 984 2394 est
1003 2319 1075 2393 loca
1097 2320 1167 2426 ipsa
1198 2319 1381 2424 inspicere,
1410 2344 1493 2395 con·
1553 2318 1703 2392 tareuclti
1732 2317 1940 2407 editionem,
1965 2343 2053 2424 quae
2074 2321 2219 2424 primam
2250 2323 2339 2392 Sou-

704 2431 795 2506 ferat
827 2433 861 2506 in
907 2431 1001 2507 hisce
1040 2431 1161 2507 nostris
1205 2431 1394 2507 Annalibus
1422 2431 1495 2538 epi·
1550 2433 1722 2506 cirtensem
1752 2428 1888 2506 duobus
1923 2431 2019 2506 annis
2055 2455 2216 2537 superat,
2254 2431 2339 2506 illu·

703 2539 853 2650 graphes
882 2545 1099 2649 sequentium
1139 2543 1350 2634 editionum,
1378 2543 1493 2621 Orach
1549 2546 1685 2618 striores
1723 2543 1786 2649 ipsi
1827 2545 1947 2618 harum
1979 2569 2090 2618 rerum
2130 2546 2337 2648 scriptores,

703 2655 830 2732 chaiim
861 2658 941 2732 anni
990 2661 1113 2752 1476,
1151 2659 1255 2732 nostri
1297 2661 1375 2742 Jore
1403 2656 1493 2732 dena
1550 2657 1801 2742 Bartoloccius,
1838 2656 1870 2732 le
1909 2656 2080 2764 Longius,
2109 2655 2339 2747 Maittaitias,

703 2795 757 2844 an.
796 2795 924 2869 1479,
952 2769 1127 2846 Bechinad
1168 2769 1260 2844 olam
1297 2771 1370 2847 siue
1402 2797 1494 2848 auno
1548 2770 1692 2844 Wolfius
1722 2769 1855 2875 penitus
1883 2769 2106 2876 ignorarunt,
2135 2772 2336 2874 primusque

702 2905 738 2956 et
767 2882 867 2969 loc0,
897 2882 1054 2963 Jossiffon
1083 2909 1143 2960 seu
1172 2882 1310 2989 Josephi
1331 2883 1493 2959 Gorioui·
1548 2882 1703 2956 omniurn
1733 2907 1806 2957 eam
1836 2879 1969 2957 deterrit
1998 2881 2214 2958 doctissimus
2246 2905 2335 2956 tuar-

702 2993 775 3083 dis,
803 2996 911 3071 Nofed
936 2995 1144 3083 tzuflm,et
1166 2993 1493 3072 GersonidisCom·
1548 2994 1628 3070 cltio
1657 2995 1774 3100 Scipio
1813 2991 1989 3097 Maffejus‚
2017 2995 2078 3099 qui
2114 2995 2338 3098 perbrevem,

700 3108 861 3184 mentatii
893 3109 926 3183 iu
957 3107 1493 3197 Pentateuchum,omninmsi·
1547 3105 1606 3181 sed
1638 3131 1827 3182 accuratam
1868 3105 1957 3184 illius
1995 3107 2151 3182 notitiam
2193 3105 2337 3183 exhibet

701 3245 746 3294 ne
776 3244 929 3296 annuet
960 3222 1113 3296 locoex
1155 3221 1306 3297 editione
1350 3220 1492 3305 Conari,
1548 3221 1581 3294 in
1612 3223 1749 3295 Verona
1777 3218 1942 3296 illustrata
1964 3247 2059 3325 parte
2081 3245 2123 3294 111
2144 3219 2209 3296 col.
2235 3244 2334 3320 273·

702 3333 819 3406 Orach
850 3331 1056 3408 chaiiman.
1086 3336 1213 3429 1485,
1241 3333 1490 3440 Prophetarum
1548 3333 1784 3429 Quamobrem
1842 3333 2020 3408 hebraicae
2081 3331 2335 3439 typographiae

701 3444 856 3550 priorum
896 3471 950 3520 an.
999 3449 1129 3540 1486,
1168 3446 1270 3520 Isaiae
1309 3471 1344 3520 et
1372 3451 1493 3526 letem.
1551 3445 1761 3551 principatus
1788 3446 1849 3550 qui
1877 3447 2028 3524 Soncino
2056 3471 2095 3522 ac
2117 3446 2336 3521 Soncinensi·

701 3555 856 3664 Ulyssip.
894 3581 948 3632 an.
988 3583 1115 3656 1492,
1144 3562 1238 3636 Eren
1276 3557 1411 3634 buchen
1440 3584 1494 3632 au.
1551 3557 1614 3632 bus
1643 3557 1737 3634 libris
1756 3583 1796 3633 ea
1815 3583 1922 3634 aetate
1953 3557 2189 3649 tribuebatur,
2220 3583 2335 3632 nostro

709 3673 837 3768 1489,
868 3670 993 3773 quibus
1022 3695 1056 3746 et
1087 3670 1172 3745 aliae
1200 3670 1371 3776 quaedam
1401 3697 1492 3746 nunc
1550 3669 1629 3744 huic
1657 3671 1926 3746 Pentateuchoa
1948 3670 2082 3774 Maffejo
2106 3675 2179 3778 ipso
2197 3695 2232 3747 et
2251 3672 2335 3746 erni·

699 3787 874 3858 accedunt
913 3807 1011 3857 antea
1048 3782 1210 3891 ignotae.
1251 3783 1491 3860 Familiarissi-
1548 3784 1747 3859 uentissimo
1777 3785 1937 3881 Quirinio
1965 3782 2099 3860 delatus
2126 3809 2195 3869 est,
2226 3784 2335 3888 pluri·

704 3909 804 3970 ιιιιιιιι
834 3919 916 4002 ergo
953 3921 1025 3971 etat
1057 3897 1292 3973 vetustissimis
1322 3896 1493 3972 Hebraeo·
1547 3895 1680 3999 busque
1708 3894 1832 3971 deinde
1863 3896 1955 3974 Saxii
1983 3923 2022 3972 ac
2051 3896 2187 3995 Quirini
2215 3897 2335 4000 dispu-

700 4034 780 4083 rum
825 4009 1057 4114 typographis
1100 4009 1206 4092 verbo
1250 4031 1318 4086 unu
1367 4013 1415 4086 ιιιι
1454 4011 1489 4086 in
1546 4009 1753 4100 rationibus,
1795 4033 1831 4084 ut
1871 4009 2020 4086 vidimus
2050 4009 2139 4086 Diss.
2180 4008 2334 4114 praelim.

702 4146 803 4196 sensu
843 4121 1086 4228 imprimendi.
1125 4121 1229 4222 Quod
1271 4148 1305 4198 et
1334 4148 1378 4197 ex
1407 4149 1490 4198 con·
1546 4123 1580 4217 S.
1609 4147 1700 4214 vrrt,
1727 4122 1843 4198 locum
1883 4121 2007 4209 dedit,
2046 4121 2130 4226 quin
2168 4123 2331 4197 alteruter

702 4255 799 4310 textu
830 4236 906 4342 ipso
945 4260 1076 4312 nostrae
1107 4236 1299 4342 epigraphis
1339 4261 1378 4312 ac
1408 4263 1490 4312 ver·
1547 4235 1657 4311 ullum
1686 4234 1863 4340 exemplar
1894 4233 2033 4324 viderit,
2064 4259 2107 4310 ne
2136 4238 2331 4310 Veronense

699 4346 827 4422 borum
856 4373 948 4424 nexu
980 4347 1156 4424 manifeste
1179 4348 1372 4454 colligitur.
1401 4355 1488 4424 Nam
1546 4346 1659 4454 ipsum
1688 4347 1864 4448 aMaffejo
1886 4371 2217 4432 commemoratum,
2234 4345 2332 4451 quod

700 4458 827 4535 dicitur
846 4458 1069 4536 libertanum
1097 4474 1339 4554 manscriprus
1360 4489 1391 4534 ιι
1411 4489 1489 4536 exa·
1545 4459 1579 4534 in
1608 4460 1814 4536 bibliotheca
1854 4458 2002 4566 Capituli
2040 4459 2247 4536 cathedralis
2273 4484 2330 4534 ec·

700 4593 821 4655 raros,
862 4576 1083 4668 obsignatus,
1126 4583 1326 4666 impressus,
1362 4575 1489 4649 dicitur
1545 4572 1667 4648 clesiae
1695 4572 1916 4649 servabatur·
1944 4572 2011 4650 Sed
2042 4573 2166 4650 Sarius
2190 4572 2249 4678 qui
2271 4597 2332 4674 pro

701 4703 783 4760 unat
813 4693 955 4778 scriptus
987 4709 1054 4758 non
1084 4709 1103 4760 a
1131 4685 1261 4773 scriba,
1290 4685 1349 4760 sed
1379 4717 1398 4758 a
1428 4697 1489 4760 mr·-
1546 4686 1650 4790 patria
1680 4682 1781 4762 laude
1811 4712 1874 4793 pro
1911 4687 1976 4762 aris
2004 4710 2037 4762 er
2076 4686 2161 4762 focis
2181 4685 2334 4761 'dimica-

701 4804 792 4868 nimo
822 4801 1130 4894 typographorum,
1164 4797 1290 4871 dicitur
1319 4820 1400 4874 anua
1428 4825 1488 4874 seu
1545 4797 1625 4887 bat,
1662 4799 1820 4902 quamvis
1861 4799 1946 4875 nihil
1991 4800 2196 4875 intentatum
2226 4797 2332 4876 relin-

701 4917 848 5003 tcrr'ptus
880 4935 956 5011 post
996 4909 1190 4984 absolutum
1223 4911 1402 4985 artificium
1433 4936 1488 5016 ty·
1542 4935 1688 5015 queret,
1717 4937 1753 4986 ut
1772 4913 1956 5018 primatum
1978 4912 2071 4989 huuc
2094 4906 2331 4988 Mediolanen-

698 5019 976 5127 pographienm,
1015 5021 1186 5125 hujusque
1226 5024 1358 5100 artificii
1401 5049 1491 5128 ope.
1544 5026 1570 5099 si
1599 5022 1739 5099 ducatui
1770 5050 1897 5100 sartum
1929 5051 2058 5102 tectum
2087 5025 2329 5112 servaret,ita

698 5137 752 5208 De
784 5159 823 5208 ea
842 5158 924 5238 ergo
946 5131 1023 5208 libri
1042 5135 1269 5237 descriptione
1298 5163 1409 5212 sermo
1431 5137 1488 5212 hic
1545 5159 1657 5212 tamen
1688 5164 1891 5245 argumento
1918 5138 2012 5244 quod
2043 5163 2088 5214 ert
2118 5163 2231 5213 nostra
2259 5137 2331 5212 edi·

696 5269 772 5329 est,
805 5271 892 5350 quae
921 5245 958 5322 fit
992 5272 1051 5352 per
1081 5271 1207 5376 typos.
1244 5249 1382 5348 Quibus
1411 5251 1488 5354 qui·
1545 5250 1638 5324 tione
1682 5251 1881 5354 petebatur,
1922 5251 1965 5327 ad
2013 5251 2133 5327 incitas
2176 5249 2332 5326 redactus

700 5357 780 5433 dem
812 5382 905 5434 reete
943 5359 1026 5434 huic
1060 5363 1247 5465 quaestioni
1283 5363 1418 5447 satisfit,
1445 5361 1488 5436 ad
1545 5387 1617 5450 est,
1659 5387 1695 5437 ιιι
1725 5364 1808 5440 nihil
1849 5365 1992 5442 haberet
2020 5365 2137 5442 solidi
2150 5363 2245 5468 quod
2275 5389 2328 5438 re·

700 5495 805 5576 quam
836 5469 1064 5548 dirimendam
1094 5473 1211 5550 latinas
1239 5474 1343 5550 etiam
1364 5474 1488 5551 editio·
1546 5499 1709 5581 poneret,
1737 5506 1776 5554 ac
1805 5503 1987 5586 cogeretur
2015 5484 2226 5576 conjecturas
2256 5503 2332 5552 eas-

696 5607 756 5660 nes
786 5607 854 5662 uon
872 5609 1032 5688 paucas,
1059 5587 1088 5662 si
1115 5613 1204 5694 opus
1225 5613 1332 5678 esset,
1360 5590 1487 5665 addere
1544 5590 1624 5666 dem
1654 5589 1892 5668 infirmissimus
1919 5620 1959 5669 ac
1986 5591 2193 5672 futilissirnas
2231 5616 2332 5702 repe·
