5146 7094
321 479 385 594 R

872 675 1436 752 PARSPRIMA
1885 704 1958 778 tr5

320 868 399 924 tur.
440 849 534 927 Prior
563 847 620 925 ille
659 849 695 926 in
737 849 887 927 interiori
935 851 1110 960 margine,
1166 851 1266 929 nibus
1287 851 1357 930 suis
1384 847 1628 958 impendebant
1649 851 1958 959 Ulyssipnneuses.

319 959 405 1036 alter
435 962 469 1037 itt
511 963 702 1053 exteriori,
743 963 937 1042 charactere
966 989 1110 1073 uterque
1165 964 1343 1042 Interdum
1373 965 1501 1073 integra
1542 964 1645 1041 verba
1673 966 1824 1058 omissa,
1851 995 1961 1074 quan·

319 1071 488 1178 quadrato
515 1075 716 1181 hispanico,
737 1103 817 1155 curn
843 1077 979 1185 punctis
1007 1103 1041 1156 et
1062 1106 1116 1155 ac·
1171 1077 1288 1186 doque
1328 1081 1452 1186 integri
1481 1103 1622 1167 versus,
1660 1102 1699 1156 ιιι
1727 1085 1743 1155 1
1770 1084 1862 1156 Sam.
1891 1105 1961 1158 xtv

317 1188 501 1276 centibus,
530 1188 719 1268 hincinde
809 1191 1038 1268 orabbinicis
1060 1216 1117 1300 ty·
1180 1217 1233 1281 t,·
1250 1199 1350 1274 losuc
1380 1217 1461 1268 tero
1490 1217 1546 1268 xv
1574 1215 1609 1268 et
1637 1217 1704 1269 xvr
1735 1193 1960 1298 transpositae

321 1299 374 1406 pis
404 1300 601 1408 hispanicae
632 1217 941 1382 fotmffllimcltii
967 1332 1006 1382 ac
1026 1309 1114 1383 Get·
1169 1329 1250 1382 sunt
1281 1304 1423 1414 paginae
1452 1305 1516 1380 sub
1542 1303 1682 1410 praelo,
1710 1333 1749 1382 ac
1777 1304 1859 1382 folia
1889 1333 1962 1382 tna·

319 1411 451 1491 sottidis
491 1417 770 1504 Commentarii,
816 1418 876 1525 qui
918 1420 1113 1527 praeposito
1170 1418 1203 1494 le
1233 1417 1410 1526 impressa.
1447 1417 1552 1518 Quod
1581 1442 1711 1524 spectat
1738 1417 1782 1495 ad
1811 1419 1891 1510 anni
1920 1446 1960 1497 ac

290 1633 294 1640 .
318 1527 443 1634 cuique
464 1531 651 1634 majoribus
679 1531 798 1607 litteris
826 1533 973 1610 auctoris
1001 1535 1113 1610 uomi-
1168 1531 1236 1608 loti
1265 1535 1405 1619 notam,
1434 1557 1503 1606 non
1533 1529 1657 1608 dubito
1681 1535 1766 1639 quin
1796 1531 1828 1608 le
1858 1536 1961 1608 Lou-

316 1665 359 1718 ne
403 1640 684 1750 distinguuntur.
729 1643 873 1752 Elegans
913 1670 965 1722 est
994 1647 1112 1724 chara·
1167 1647 1268 1752 gius,
1297 1671 1401 1752 quem
1440 1643 1562 1751 reliqui
1600 1671 1719 1722 omnes
1748 1669 1960 1752 sequnntur,

317 1777 390 1830 cter
419 1757 504 1831 sacri
535 1781 671 1844 textus,
701 1758 818 1865 paullo
849 1761 963 1835 minor
992 1760 1112 1838 chata·
1169 1785 1243 1834 eam
1272 1785 1317 1835 ex
1356 1757 1532 1834 Patisiensi
1571 1755 1785 1864 exemplari,
1824 1784 1884 1834 seu
1913 1783 1960 1835 err

315 1890 410 1944 ctere
451 1870 673 1946 Pentateuchi
716 1871 996 1979 Ulyssiponcusis
1032 1877 1112 1952 anni
1167 1870 1262 1948 libris
1291 1876 1449 1978 Regum,
1479 1896 1566 1977 quos
1595 1870 1770 1959 continet,
1797 1870 1842 1947 ad
1871 1897 1962 1978 quo·

325 1989 458 2080 ¹49¹t
498 1982 556 2059 sed
599 1985 790 2094 targumico
830 2013 949 2064 nostro
979 1993 1113 2092 tnajor,
1169 2012 1246 2063 rutn
1276 1985 1405 2061 calcem
1429 2009 1467 2059 ca
1490 1983 1594 2060 debet
1630 1984 1794 2092 repetiti,
1823 1983 1962 2062 desum·

320 2093 425 2172 iidem
473 2121 587 2172 autern
617 2123 762 2191 omues,
791 2099 894 2178 etiam
923 2099 1114 2194 rabbiuici,
1173 2098 1277 2207 psetit
1306 2122 1408 2205 atque
1446 2122 1603 2176 accurate
1631 2097 1866 2204 descripserit·
1906 2103 1961 2174 Etr

287 2244 289 2250 v
319 2233 401 2283 cum
431 2207 495 2301 iis,
534 2211 661 2315 quibus
700 2237 824 2303 excusa
862 2238 942 2291 sunt
972 2219 1115 2292 Prover·
1170 2211 1293 2292 nostris
1320 2212 1411 2288 euim
1440 2210 1535 2319 quod
1563 2217 1675 2321 Reges
1703 2209 1867 2300 exhibet,
1894 2211 1960 2287 sub

318 2317 374 2396 bia
414 2347 495 2396 cum
533 2326 798 2401 Commentariis
840 2326 1044 2405 Gersonidis
1072 2355 1113 2404 ac
1169 2326 1275 2402 finem
1315 2325 1454 2413 deficit,
1483 2324 1746 2432 mirandumque
1773 2348 1824 2402 est
1854 2351 1958 2400 sum-

316 2431 417 2509 Meiri
445 2433 526 2510 anni
565 2461 665 2535 ¹492
697 2437 774 2514 loco
802 2463 870 2514 non
902 2467 1112 2532 memorato,
1168 2463 1308 2545 mopere
1322 2438 1568 2516 Kennicottum
1581 2438 1824 2544 quiParisieusi
1836 2463 1960 2514 errem·

278 2547 423 2652 ⁴'quern
454 2572 587 2624 constat
625 2555 695 2653 jam
733 2577 779 2626 ex
815 2551 969 2630 editione
997 2579 1112 2631 nostra
1169 2551 1255 2659 plari
1297 2578 1378 2629 usus
1416 2575 1485 2643 est,
1521 2576 1638 2629 exeo
1680 2554 1848 2662 integram
1878 2551 1960 2660 epi-

318 2659 467 2736 Leiriam
496 2659 624 2738 fuisse.
652 2663 781 2739 Eadem
813 2665 866 2741 vel
896 2666 965 2743 fere
989 2668 1109 2744 eadem
1168 2664 1334 2774 graphem
1374 2663 1473 2740 uobis
1513 2691 1584 2740 nou
1621 2664 1756 2741 dedisse
1795 2663 1838 2742 ad
1878 2665 1957 2740 cod.

320 2795 371 2848 est
400 2775 503 2850 etiarn
530 2773 692 2854 editionis
722 2777 829 2868 ratic,
856 2805 977 2856 extant
999 2782 1032 2858 itt
1054 2807 1111 2856 su·
1172 2781 1276 2878 263,
1304 2803 1375 2884 qtto
1404 2801 1517 2854 nostra
1553 2777 1643 2854 haec
1666 2775 1773 2854 editio
1802 2803 1861 2852 seu
1892 2803 1956 2882 pu·

315 2886 444 2992 periori
475 2887 626 2995 margine
656 2890 746 2967 tituli
776 2891 974 2983 librorum,
1010 2901 1111 2976 losue
1167 2917 1291 2968 strema
1321 2895 1394 2995 ejus
1436 2917 1514 2998 pars
1544 2890 1578 2965 iu
1608 2892 1681 2994 ejus
1709 2889 1828 2966 Bibliis
1858 2889 1957 2966 indi-

314 3023 485 3107 excepto,
513 3001 548 3076 in
579 3029 651 3108 quo
679 3003 751 3080 sola
793 3008 1019 3114 interpretum
1048 3033 1112 3082 no·
1167 3005 1315 3114 gitatut.
1351 3005 1386 3081 Si
1415 3003 1599 3111 scriptores
1628 3002 1771 3110 reliqui,
1801 3025 1840 3079 ut
1871 3001 1960 3078 vidi·

316 3114 410 3190 mina
439 3113 625 3218 aliquando
653 3142 878 3225 comparent,
905 3119 1029 3196 lineola
1060 3147 1113 3198 ra·
1169 3145 1271 3207 mus,
1308 3117 1343 3193 in
1383 3118 1579 3194 recensione
1621 3114 1822 3194 Gersonidis
1851 3117 1958 3192 Corn·

316 3227 386 3334 phe
415 3251 599 3305 consuetae
630 3228 761 3308 litterae
789 3256 977 3319 ornantur,
1006 3259 1112 3341 quac·
1169 3230 1375 3309 mentatium
1397 3233 1606 3317 omiserunt,
1628 3228 1858 3307 Marchandus
1877 3255 1959 3304 cun·

314 3341 397 3416 dam
429 3365 466 3417 ut
498 3367 572 3418 mos
599 3365 672 3432 est,
702 3344 908 3438 dilatantur,
938 3345 1021 3425 Keti
1049 3349 1113 3424 cir·
1171 3370 1218 3420 tra
1247 3349 1343 3422 Hist.
1371 3350 1411 3420 dc
1436 3343 1559 3440 l't'mpr.
1588 3368 1623 3447 p.
1655 3344 1703 3416 88
1735 3367 1815 3417 eum
1845 3339 1957 3418 solnm

314 3453 404 3531 cello
435 3454 615 3544 innuitur,
654 3457 767 3536 nullae
796 3465 943 3563 majores
970 3460 1112 3538 initiales
1168 3458 1323 3534 nominat
1352 3483 1396 3534 ert
1427 3455 1615 3564 posteriore
1654 3455 1687 3531 le
1717 3454 1838 3563 Longii
1881 3455 1960 3531 loco

319 3565 453 3646 litterae
482 3568 539 3644 vel
568 3567 756 3661 dictiones,
782 3570 883 3649 initio
911 3598 1024 3652 tamen
1054 3581 1110 3656 Ju·
1168 3599 1202 3679 p.
1236 3579 1334 3672 827,
1361 3571 1422 3678 qui
1451 3567 1591 3647 aliunde
1619 3569 1736 3644 Wolfii
1765 3567 1885 3646 oculos
1909 3568 1960 3644 ti·

316 3679 460 3772 dicum,
490 3679 589 3788 quod
627 3686 777 3761 occurrit
803 3686 974 3794 signatura
1006 3711 1028 3762 tt
1055 3709 1111 3776 rc,
1166 3659 1269 3761 delur
1311 3685 1448 3793 penitus
1487 3678 1670 3793 effugisse,
1714 3681 1838 3758 nullibi
1864 3683 1961 3759 euim

315 3819 374 3872 seu
417 3819 458 3869 ιιι
499 3794 662 3902 plagula,
702 3823 842 3875 ornatus
881 3798 959 3875 libri
992 3797 1111 3876 titulus
1167 3797 1233 3874 sub
1261 3824 1304 3875 eo
1331 3821 1472 3874 auctore
1510 3797 1610 3873 illum
1641 3792 1811 3905 protulit.
1850 3791 1960 3896 Quod

320 3907 577 4015 praemittitur.
615 3907 755 4017 Plagula
784 3936 870 3987 xxtr
898 3911 1021 4018 incipit
1051 3917 1112 3990 Sa·
1168 3909 1322 3986 Maschio
1351 3908 1514 3986 Biblioth.
1545 3935 1628 3986 sacr.
1657 3933 1742 3984 tom.
1767 3913 1782 3982 1
1812 3935 1846 4014 p.
1882 3909 1958 4008 136

315 4021 432 4108 muel,
476 4023 575 4122 cujus
622 4019 723 4110 libri,
763 4047 802 4098 ut
842 4021 912 4099 biui
954 4028 1111 4132 Regum,
1168 4021 1370 4110 exciderat,
1406 4021 1607 4098 hebraicum
1651 4044 1787 4097 textum
1826 4020 1960 4097 iubae

315 4135 455 4212 unicum
496 4157 630 4210 tanturn
661 4134 895 4211 constituunt.
940 4135 993 4214 ud
1035 4135 1111 4214 cal·
1168 4137 1319 4214 editione
1347 4135 1420 4212 sine
1460 4134 1595 4240 punctis
1623 4158 1694 4208 esse
1729 4156 1959 4240 expressum,

316 4275 392 4327 cern
423 4245 591 4324 librorum
631 4245 728 4324 adest
758 4275 892 4325 summa
923 4275 1110 4342 versuum,
1167 4248 1254 4326 illud
1285 4249 1320 4323 in
1351 4243 1552 4358 Appendice
1582 4270 1697 4322 nostra
1725 4242 1767 4322 ad
1790 4244 1883 4320 illam
1904 4245 1961 4319 Ri-

315 4364 350 4440 in
382 4366 481 4442 losue
511 4359 704 4466 paullulum
733 4360 952 4470 discrepans,
982 4362 1039 4440 ubi
1058 4363 1110 4440 di·
1168 4362 1376 4444 bliothecant
1397 4389 1429 4469 p.
1463 4386 1512 4462 30
1541 4356 1820 4436 emendavimus.
1849 4355 1957 4458 Quod

307 4497 448 4580 ¹cuntur
476 4495 595 4552 anan
622 4500 696 4552 esse
725 4500 819 4564 xrrt,
848 4501 915 4552 nnn
946 4502 1043 4568 xrv,
1072 4500 1111 4554 ut
1168 4501 1252 4554 vero
1295 4475 1435 4580 conJicit
1480 4472 1682 4550 Maittairius
1721 4477 1849 4548 tom-l
1882 4497 1957 4579 pag.

319 4585 426 4664 habet
455 4613 589 4663 summa
618 4590 812 4665 communis
838 4615 873 4666 ct
904 4587 1093 4668 hodierna.
1173 4615 1273 4691 303,
1302 4591 1412 4664 imtno
1452 4614 1521 4663 nou
1551 4585 1709 4668 dubitat,
1737 4585 1820 4690 quin
1852 4606 1959 4690 typo·

392 4699 510 4776 Editio
532 4699 638 4778 babet
664 4701 806 4807 quidem
828 4703 985 4779 criticum
1007 4730 1109 4780 suum
1168 4703 1288 4810 graplti
1319 4701 1495 4778 Leitenses
1517 4699 1639 4777 fuerint
1655 4701 1877 4789 Soncinates,
1896 4699 1958 4774 vite

317 4841 418 4892 usum
460 4839 604 4920 suasque
646 4815 798 4924 egregias
841 4815 1033 4903 lectiones,
1074 4839 1111 4893 ut
1167 4815 1404 4892 confutatione
1430 4836 1529 4922 eget.
1557 4813 1758 4890 Soncinates
1779 4837 1958 4918 uunquam

319 4952 414 5036 patet
453 4953 498 5004 ert
538 4952 651 5005 nostra
694 4926 898 5020 collatione,
933 4929 1032 5008 unica
1061 4955 1111 5006 est
1168 4929 1203 5004 in
1233 4929 1404 5004 Lusitania
1432 4928 1572 5006 fuerunt
1610 4950 1669 5004 aut
1699 4925 1787 5001 ullos
1815 4923 1885 5000 illic
1913 4925 1961 5000 li-

316 5044 419 5119 etiam
449 5041 638 5147 aliquando
678 5045 766 5118 iuter
795 5041 964 5118 editiones
1005 5043 1038 5119 in
1070 5043 1110 5118 iis
1168 5041 1249 5118 bros
1277 5040 1519 5132 excuderunt,
1547 5064 1691 5148 totoque
1720 5037 1816 5116 caelo
1836 5063 1958 5114 eorum

321 5155 518 5242 servandis,
561 5181 599 5232 ut
636 5159 782 5262 lIReg·
810 5180 852 5232 ιιι
886 5181 933 5257 3,
962 5178 997 5230 et
1026 5179 1111 5231 xvrr
1168 5154 1367 5230 editioucsa
1386 5154 1555 5232 Lusitanis
1582 5179 1623 5230 ac
1649 5150 1863 5230 Leirensibus
1890 5148 1961 5226 dif-

322 5300 375 5365 4,
418 5269 478 5344 sed
509 5294 578 5344 uon
617 5294 658 5345 ea
697 5267 877 5378 diligentia
912 5295 931 5343 a
961 5267 1113 5344 Leirensi
1169 5267 1303 5344 serunt.
1331 5267 1385 5342 Ad
1417 5267 1504 5343 hanc
1535 5292 1639 5374 porro
1667 5264 1857 5342 editionem
1886 5288 1960 5340 cer·

322 5382 545 5489 typographo
585 5405 635 5458 est
664 5380 857 5466 elaborata,
903 5408 972 5487 qua
1001 5377 1115 5455 debe·
1172 5404 1209 5456 to
1251 5383 1396 5488 pertinet
1440 5380 1617 5486 exemplar
1646 5385 1766 5460 losuae
1794 5401 1829 5454 et
1858 5375 1960 5456 ludi-

323 5493 407 5587 bat,
436 5519 501 5572 uec
530 5519 570 5571 ea
599 5495 756 5601 profecto
782 5521 889 5602 quam
926 5493 962 5572 iu
992 5489 1116 5572 editio-
1170 5517 1250 5570 cum
1294 5519 1375 5571 cum
1418 5499 1572 5602 Targutn
1614 5516 1650 5571 et
1693 5489 1959 5570 Commentariis

1203 5654 1217 5696 Ι
1695 5648 1734 5708 14
