5146 7094
852 633 1362 708 Pansrnrnn
1897 636 1948 740 m

295 803 603 886 hebraeo-biblico
642 827 677 880 et
706 803 741 879 iu
790 801 890 882 Clavi
919 802 1093 884 editorum
1325 806 1832 898 metamaucensium

305 921 465 1001 codicum
482 917 592 994 Variis
612 915 834 994 Lectionibus
856 919 1006 1026 praelixa
1027 920 1096 996 suis
1312 945 1427 1003 roim
1452 944 1512 1004 ³3³0
1541 947 1606 1004 'tu
1637 924 1679 1003 lu
1707 947 1834 1006 ιϊιιι)

302 1036 385 1113 locis
426 1032 629 1120 retulimus,
668 1029 754 1118 sed,
794 1053 832 1107 ut
860 1057 915 1108 res
942 1031 1094 1124 ferebat,
1281 1057 1414 1116 Πιιιοιι
1441 1053 1502 1116 rtur
1530 1037 1611 1135 ispi
1641 1061 1738 1118 τοι1
1766 1061 1832 1119 utu

302 1149 432 1255 ubique
461 1145 681 1223 brevissime.
708 1143 831 1222 Fusius
859 1169 952 1222 nunc
969 1145 1096 1224 descri-
1329 1171 1478 1230 rntusu
1508 1149 1544 1231 lt
1572 1176 1645 1233 'tun
1675 1173 1834 1234 nutus:

301 1261 425 1340 bemus
452 1287 498 1338 err
540 1260 730 1368 exemplari
769 1257 863 1364 qnod
894 1260 996 1338 anxie
1025 1261 1097 1367 pri·
1323 1286 1474 1344 mutarn
1504 1265 1590 1344 iun:
1619 1291 1657 1346 tu
1685 1291 1750 1344 :u
1778 1289 1835 1342 run

300 1403 399 1454 mutu
429 1374 620 1480 frustraque
639 1373 832 1481 quaesitum
854 1372 998 1452 feliciter
1020 1399 1092 1451 tan·
1418 1398 1560 1456 mutan:
1591 1402 1688 1476 pun]
1715 1397 1832 1461 mittut?

299 1491 379 1568 dem
411 1489 500 1566 nacti
540 1494 682 1580 sumus,
710 1487 806 1594 quod
835 1487 901 1564 etsi
929 1487 1092 1566 mutilum
1296 1485 1458 1568 naulum
1486 1513 1547 1570 nttt
1572 1490 1627 1570 *ul
1656 1491 1736 1572 luto·
1763 1514 1833 1572 'tute

298 1605 366 1694 sit,
406 1603 518 1681 multo
555 1626 668 1678 tamen
709 1599 899 1709 pleniorem
929 1627 963 1678 et
992 1629 1092 1680 accu-
1348 1625 1466 1682 rim
1494 1625 1596 1696 putrui
1626 1628 1671 1684 u:
1699 1627 1834 1684 tutotuto

302 1719 464 1797 ratiorem
509 1715 667 1794 notitiam
715 1716 815 1792 nobis
864 1717 1094 1824 suppeditat,
1325 1738 1422 1794 οιιιιι
1453 1740 1509 1793 teu
1537 1741 1608 1796 rnto
1639 1717 1732 1796 lusus
1761 1715 1835 1801 rus

300 1858 406 1964 quarn
436 1855 482 1906 err
517 1833 649 1938 integro
686 1855 750 1906 suo
788 1828 918 1907 dederit
947 1829 1094 1906 Poclrius
1386 1853 1505 1910 Γοιιο
1533 1829 1639 1910 usim
1668 1819 1708 1908 ln
1736 1853 1836 1910 nutu

210 1951 215 1964 '
299 1947 335 2023 iu
369 1943 483 2022 italico
511 1945 729 2054 specimine,
757 1942 963 2049 quodanno
990 1945 1092 2044 1780
1151 1993 1173 2029 „
1204 1937 1339 2018 Dilecte
1378 1947 1426 2021 mi
1467 1946 1619 2050 popule,
1662 1947 1718 2024 vel
1749 1942 1947 2033 Israelitae,

303 2064 434 2136 Romae
463 2056 595 2135 edidit.
623 2058 717 2134 Libri
746 2054 859 2148 frons,
879 2061 906 2134 si
928 2056 994 2165 ipsi
1022 2084 1096 2134 cre·
1266 2061 1327 2158 qui
1356 2056 1541 2163 elegistis
1532 2085 1565 2134 ιιι
1598 2061 1792 2166 portionem

301 2173 441 2260 dimus,
469 2171 636 2250 caelatura
665 2167 815 2278 quadarn
844 2193 893 2247 est
922 2169 1096 2249 condeco-
1152 2171 1330 2276 „Legem
1360 2175 1426 2246 Dei
1455 2173 1490 2248 iu
1520 2199 1639 2250 monte
1668 2176 1760 2251 Sinai
1791 2174 1929 2262 datam,

304 2311 375 2362 rata
393 2313 484 2392 quae
501 2310 611 2375 serta,
641 2286 727 2360 infra
758 2310 840 2362 vero
860 2285 986 2362 alatum
1011 2311 1095 2392 pue·
1150 2333 1173 2370 „
1206 2280 1348 2358 Elerate
1387 2311 1527 2362 manum
1568 2314 1736 2376 vestram,
1777 2315 1813 2366 ut
1842 2289 1948 2365 susci·

303 2425 381 2475 rurn
410 2423 445 2474 et
475 2423 576 2476 cervo
606 2398 812 2474 insidentem
842 2403 985 2504 ejusque
1015 2425 1095 2474 cor-
1267 2395 1317 2499 pi
1325 2394 1366 2472 ris
1396 2399 1463 2474 lroc
1492 2425 1618 2476 munus

300 2537 370 2587 una
399 2536 502 2590 mauu
534 2535 730 2599 tenentem,
761 2535 799 2585 ac
827 2537 1095 2588 vacuumstem·
1152 2555 1175 2598 ‚2
1203 2508 1292 2580 Cum
1322 2513 1579 2588 Commentario
1616 2514 1777 2622 ejusqui
1823 2513 1955 2620 pandit¹

306 2651 361 2702 ma
391 2647 641 2731 repraesentat,
679 2648 894 2731 congruens,
931 2649 969 2702 ut
998 2623 1095 2701 uide·
1264 2617 1529 2700 absconditum

303 2763 385 2826 tur,
413 2737 617 2815 adamussim
647 2765 727 2815 cum
758 2736 1040 2844 eaquamsub
1032 2738 1095 2814 rni-
1151 2784 1173 2821 „
1200 2730 1325 2808 Videte
1367 2762 1465 2812 num
1495 2739 1538 2814 sit
1579 2739 1614 2816 in
1654 2739 1736 2818 orbe
1774 2737 1942 2818 simile
1911 2765 1944 2817 et

302 2853 389 2929 tium
419 2853 563 2929 Genesis
604 2876 638 2928 et
667 2859 787 2934 Josuae
828 2852 957 2928 habeut
984 2849 1094 2928 Biblia
1263 2847 1467 2956 exemplat,
1834 2871 1837 2878 ·
1968 2929 1970 2934 ,

302 2967 442 3097 antiqua
471 2966 544 3042 sine
573 2969 665 3041 ann‘o
685 2963 834 3042 etloco.
861 2964 959 3040 idem
989 2968 1093 3040 etiarn
1148 3009 1172 3051 „
1200 2961 1367 3035 Accurate
1396 2963 1482 3042 adeo
1522 2962 1737 3044 elaboratum
1776 2989 1810 3045 et
1844 2965 1944 3044 intel·
1967 2959 1970 2967 λ

303 3082 447 3157 omnino
477 3103 528 3156 est
570 3103 730 3167 ornatus,
765 3104 837 3185 quo
876 3080 910 3154 in
951 3102 1096 3185 utraque
1265 3070 1433 3177 ligenter.
1801 3107 1822 3145 s

305 3193 456 3270 editione
496 3197 723 3300 circumsepta
759 3216 810 3268 est
849 3193 959 3300 prima
988 3190 1095 3268 dictio
1153 3234 1175 3276 ‚s
1204 3188 1429 3294 Interrogasstl
1458 3195 1557 3294 cujus
1584 3191 1627 3268 sit
1655 3192 1721 3270 hoc
1749 3221 1861 3301 opus·

302 3306 501 3398 Berescltlr,
530 3303 727 3412 majusculis
764 3331 929 3413 expressa
956 3305 1094 3395 litteris,
1153 3301 1418 3403 „Respondete
1449 3304 1522 3394 illi,
1558 3305 1621 3382 filii
1658 3310 1797 3386 Soucini
1826 3307 1945 3416 dispo·

303 3447 342 3498 ac
372 3420 463 3499 tituli
495 3421 602 3498 veluti
632 3422 748 3498 locunt
778 3446 918 3513 tenens,
944 3419 1052 3496 hinc
1043 3445 1094 3496 rn-
1263 3436 1406 3490 suerunt
1435 3443 1514 3492 me.

302 3533 348 3611 de
378 3563 460 3614 vero
491 3533 590 3613 binos
617 3536 723 3611 alatos
754 3561 878 3642 pueros
906 3535 963 3612 uel
991 3558 1093 3665 ange-
1149 3523 1286 3614 „Urbi
1316 3529 1474 3636 Neapolis
1503 3557 1592 3607 auno
1611 3557 1691 3612 cett
1710 3531 1940 3613 adscribatur.

299 3648 353 3725 los
381 3676 456 3726 eam
499 3647 751 3726 custodientes
791 3646 954 3726 Totidem
984 3651 1093 3751 maju·
1148 3689 1172 3730 ι,
1200 3638 1341 3716 1311111111
1370 3669 1445 3719 earn
1491 3650 1584 3722 Dens
1619 3675 1655 3727 et
1685 3654 1760 3726 Rex
1804 3654 1879 3756 ejus
1907 3649 1943 3725 iu

300 3760 406 3840 sculis
435 3762 556 3839 litteris
595 3788 629 3838 er
658 3753 786 3844 ornatis'
819 3762 1020 3870 separatis
1008 3787 1092 3838 con·
1263 3779 1366 3832 cantu
1398 3760 1452 3836 vel
1480 3759 1629 3840 laetitia.

303 3900 392 3953 stant
421 3875 563 3952 initiales
593 3875 735 3950 aliorum
765 3875 957 3966 librorum,
986 3898 1024 3951 ut
1054 3872 1091 3949 in
1232 3868 1323 3942 Ita
1314 3894 1348 3944 tn
1377 3872 1540 3979 singulari
1569 3897 1690 3968 aaut,
1719 3900 1757 3952 ut
1789 3874 1940 3982 postulat

302 3987 424 4064 iisdem
453 3988 594 4076 Bibliis,
623 3985 724 4064 unico
753 4013 901 4095 excepto
923 3993 1090 4064 Deutero·
1144 4003 1305 4071 cannen,
1333 4007 1368 4060 et
1399 4007 1519 4065 ποι]
1547 4018 1609 4097 per
1638 4013 1681 4080 a,
1717 4015 1786 4064 non
1818 4011 1938 4070 rursu*

299 4103 443 4188 nomio,
474 4099 568 4206 quod
609 4125 666 4176 eas
706 4100 883 4178 exhibet
875 4123 1006 4208 integra
1034 4125 1108 4176 ta·
1146 4116 1181 4168 et
1210 4112 1341 4186 ΞΠ,
1381 4124 1418 4174 ιιι
1446 4099 1557 4178 habet
1581 4102 1700 4178 Poehii
1730 4106 1940 4207 Specimen.

301 4214 381 4292 bula
405 4214 609 4321 insculptas.
631 4215 830 4292 Sectionum
851 4213 993 4292 exordia
1010 4212 1092 4290 cha
1148 4207 1298 4284 Initiales
1346 4239 1506 4292 versuum
1550 4214 1680 4323 primae
1729 4213 1938 4301 1011111111,
2030 4279 2035 4287 -

301 4352 430 4405 ractere
461 4350 595 4404 exarata
639 4328 785 4432 majori,
826 4327 997 4435 quadrato
1024 4328 1094 4404 rni-
1149 4324 1210 4428 qui
1239 4323 1296 4401 hic
1336 4326 1531 4404 alternatim
1571 4330 1672 4436 positi
1711 4350 1813 4414 sunt,
1854 4325 1939 4402 dant

300 4443 405 4531 nori,
433 4441 634 4547 hispanico,
674 4467 793 4548 satque
821 4445 968 4574 eleganti
997 4469 1121 4524 sacer
1145 4461 1272 4513 nornen
1300 4445 1465 4530 Israelis,
1498 4468 1557 4520 seu
1594 4440 1711 4520 dilecti
1755 4439 1847 4516 illius
1879 4465 1941 4546 po·

301 4578 440 4643 textus,
471 4554 593 4633 eodem
635 4554 737 4659 plane
765 4583 836 4663 quo
864 4558 1003 4663 antiqua
1035 4558 1091 4633 Bi·
1148 4550 1247 4656 puli,
1284 4577 1389 4682 quent
1437 4557 1659 4664 alloquuntur
1699 4553 1938 4664 typographi.

300 4653 394 4758 blia,
431 4667 610 4745 rabbinico
648 4669 786 4746 tandem
815 4671 1091 4748 Commentarius
1148 4662 1215 4741 Sed
1245 4669 1386 4772 quinam
1428 4669 1640 4778 intelligendi
1678 4693 1757 4746 sunt
1799 4669 1939 4744 nomine

299 4783 359 4888 qui
388 4781 433 4859 ad
473 4782 628 4858 exterius
655 4782 744 4860 larus
784 4784 877 4861 vel
867 4810 903 4860 nr
933 4786 1000 4862 ima
1028 4812 1091 4892 pa·
1147 4779 1296 4858 liliorum
1327 4780 1490 4860 Soucini?
1533 4786 1560 4860 li
1589 4809 1669 4861 sane
1697 4809 1743 4860 ex
1773 4782 1940 4858 Soncina·

299 4895 378 5004 gina
418 4894 632 4972 collocatur.
673 4899 819 5006 Paginae
848 4897 978 4975 habent
1008 4901 1089 4976 titu·
1148 4897 1240 4974 tibus
1281 4900 1341 5004 qui
1379 4925 1418 4976 ea
1448 4922 1557 4976 aetate
1599 4897 1740 5004 Neapoli
1772 4919 1939 5004 typogra-

300 5007 353 5086 los
381 5033 415 5086 et
444 5011 652 5118 signaturas,
678 5035 712 5086 et
736 5012 825 5088 nbi
817 5038 966 5120 integrae
987 5039 1088 5106 sunt,
1144 5011 1261 5116 phiarn
1291 5039 1470 5089 erexerant
1498 5038 1533 5089 et
1558 5012 1664 5089 libros
1692 5010 1938 5088 excutiebant.

299 5146 394 5199 sacer
423 5146 537 5199 textus
566 5122 671 5198 lineas
703 5127 779 5214 28,
815 5129 848 5202 in
880 5127 1086 5236 Meglrillotlt
1145 5127 1315 5204 Videlicet
1344 5133 1458 5207 losuas
1486 5125 1649 5202 Salomon
1669 5123 1856 5210 Soncinas,
1875 5120 1937 5228 qui

300 5259 383 5313 vero
416 5263 487 5333 29,
508 5260 543 5313 et
559 5237 794 5344 aliquando
802 5269 845 5316 0.
875 5243 928 5316 Ad
958 5241 1086 5316 calcem
1143 5267 1234 5316 auno
1263 5242 1423 5348 proxime
1461 5237 1616 5346 sequenti
1656 5237 1726 5313 illic
1753 5234 1934 5342 elegantis-

301 5350 523 5428 Pentateuchi
568 5377 628 5426 seu
668 5354 928 5432 Detueronomii
958 5353 995 5429 lri
1025 5353 1084 5431 le·
1142 5357 1264 5430 simam
1287 5358 1436 5429 Miscnae
1455 5350 1644 5428 editionem
1667 5349 1847 5456 vulgavit,
1865 5371 1938 5420 non
1983 5415 1985 5421 .

301 5487 430 5570 guntur
460 5489 598 5544 versus·
1143 5471 1276 5544 Gerson
1317 5467 1406 5542 filius
1446 5466 1579 5558 Musis,
1622 5487 1659 5541 ut
1699 5459 1931 5540 communiter
