5222 7090
913 728 1418 802 rAnsrarmx
1596 829 1600 834 ¹
1946 753 1992 826 19

364 925 467 1005 supra
497 896 671 987 diximus,
691 897 785 976 vocis
805 897 1071 1004 compendium.
1099 906 1153 975 In·
1209 899 1298 977 illius
1326 901 1515 1008 epigraphe
1557 927 1624 978 non
1654 927 1843 1008 apparent,
1871 925 1905 978 er
1934 902 1994 978 itr-

364 1013 468 1090 llexio
499 1038 603 1118 porro
633 1011 763 1116 proprii
799 1012 948 1090 nominis
985 1013 1151 1099 Veneria,
1209 1013 1402 1089 verosimile
1433 1041 1569 1119 prorsus
1591 1040 1663 1102 est,
1692 1015 1785 1121 quod
1816 1015 1995 1091 verosimi-

362 1129 461 1229 cujus
489 1150 620 1200 rectam
650 1121 835 1201 lectionem
866 1149 925 1229 per
955 1146 969 1200 t
997 1149 1042 1198 ex
1070 1126 1152 1200 alio·
1207 1123 1239 1200 le
1268 1127 1428 1231 opinatur
1457 1128 1698 1232 Tychsertius,
1720 1128 1907 1233 Josephutn
1931 1155 1994 1202 tto·

363 1263 442 1312 rum
461 1236 716 1343 exemplarium
736 1234 919 1312 collatione
939 1235 1053 1312 statim
1077 1262 1152 1342 post
1207 1261 1315 1312 strum
1346 1242 1488 1315 Veneria
1517 1239 1666 1316 eundem
1696 1264 1766 1316 esse
1793 1267 1873 1316 curn
1904 1247 1995 1320 Jose·

362 1349 492 1425 editam
522 1349 699 1454 Disquisir.
741 1373 889 1426 nostram
926 1350 1151 1456 agnovimus,
1210 1348 1282 1453 pho
1323 1349 1394 1426 filio
1436 1352 1578 1427 hatonis
1617 1351 1822 1461 strasburg,
1860 1355 1920 1458 qui
1960 1355 1993 1428 in

362 1486 398 1538 er
431 1487 512 1537 rom.
550 1469 565 1538 l
605 1465 685 1537 Var.
718 1461 796 1538 lect.
834 1489 868 1568 p.
904 1485 1021 1536 cxrrx
1058 1463 1176 1536 resti-³
1207 1461 1429 1538 Petttateuchi
1459 1465 1610 1540 editione
1639 1463 1779 1542 functus
1802 1489 1854 1541 est
1883 1491 1995 1542 corre·

362 1576 513 1661 ruimus,
551 1571 638 1650 adeo
668 1573 843 1651 manifeste
882 1573 990 1650 italica
1018 1597 1089 1666 est,
1110 1597 1147 1650 ut

361 1713 543 1795 perperam
581 1687 739 1788 coniiciat
777 1686 995 1793 Tychsenius
1031 1711 1076 1762 ex
1107 1688 1149 1762 ti·

360 1800 434 1878 rulo
473 1820 591 1876 ‘tamna
633 1811 776 1891 merser,
814 1801 876 1908 qui
908 1800 1147 1908 praeponitur,

358 1937 393 1988 et
424 1914 559 2017 optime
589 1912 623 1987 in
662 1936 828 2019 corrupto
868 1913 962 2020 vulgi
991 1937 1146 1989 sermone

358 2025 391 2099 in
437 2024 532 2101 Italia
575 2023 779 2111 adhibetur,
819 2026 1006 2132 Josephum
1046 2024 1145 2100 illum

357 2138 461 2213 suisse
501 2137 640 2212 natione
669 2162 891 2244 germanum,
933 2161 971 2212 ut
1008 2137 1146 2234 coniicit

360 2275 538 2356 perperam
580 2251 683 2326 verba
721 2272 889 2327 &tantan
927 2269 963 2342 tn
998 2271 1146 2326 orarunt

358 2362 621 2438 membranacea
649 2361 818 2470 designari
846 2363 1027 2470 exempla.
1069 2367 1147 2436 Ete-

246 2523 248 2528 -
358 2475 429 2548 nim
461 2499 635 2580 quotquot
666 2476 843 2583 hueusque
866 2500 947 2581 nora
968 2499 1069 2562 suut,
1090 2473 1144 2551 vel

359 2585 456 2676 ridi,
486 2585 540 2661 vel
571 2587 702 2692 possedi
719 2589 898 2696 exempla,
917 2588 1032 2663 omnia
1049 2587 1147 2662 char-

359 2722 451 2774 tacea
498 2723 603 2786 sunt,
645 2699 778 2777 nullum
823 2701 1144 2786 membranaceum,

357 2834 391 2885 et
417 2811 602 2888 commode
632 2813 770 2889 aliunde
800 2813 844 2890 de
873 2813 1057 2890 chartaceis
1081 2837 1143 2887 ex·

358 2924 441 3029 poni
474 2949 636 3030 possunt,
676 2953 828 3033 quorum
856 2925 924 3002 alia
963 2925 1036 3001 aliis
1063 2949 1142 3000 sunt

361 3037 557 3142 pulchriora
579 3062 613 3112 et
636 3039 813 3115 nitidiora.
843 3038 1022 3138 Quaedam
1040 3038 1143 3112 ctiam

357 3147 391 3224 in
429 3150 669 3256 Tychseniana
711 3151 895 3229 collatione
935 3150 1146 3228 emendanda

355 3263 441 3338 olim
472 3265 695 3353 notavimus,
722 3291 830 3371 quum
873 3267 982 3341 varias
1011 3289 1145 3340 nostrae

355 3375 516 3453 editionis
544 3377 708 3454 lectiones
736 3377 1010 3484 expenderemus
1026 3405 1065 3454 ac
1086 3403 1146 3483 po·

356 3488 524 3565 tissimum
565 3491 650 3565 Psal.
693 3516 870 3568 xxxxvrtt
920 3517 988 3592 13,
1027 3491 1085 3566 uhi
1115 3490 1145 3564 ei

358 3601 522 3678 tribuitur
550 3602 653 3678 lectio
680 3625 804 3699 'inparti
830 3630 920 3708 quae
949 3627 999 3679 est
1028 3607 1145 3712 lloog-

355 3711 441 3801 thii,
486 3713 665 3821 Hooghrio
708 3741 789 3791 vero
827 3739 926 3812 ἰε-εει
966 3742 1054 3820 quae
1092 3741 1144 3792 est

355 3824 550 3930 discrepans
579 3828 682 3901 nostri
713 3828 884 3904 Psalterii.
927 3827 1034 3926 Quod
1063 3853 1144 3932 spe-

355 3960 424 4011 etat
465 3963 550 4012 vero
600 3937 643 4010 ad
685 3938 801 4015 locunt
844 3941 904 4045 qui
958 3941 1144 4030 reticetur,

355 4070 466 4152 quum
494 4047 732 4152 quinquennio
763 4075 840 4156 post
882 4049 987 4125 iidem
1015 4051 1144 4144 'chara-

355 4183 464 4236 cretes
481 4163 729 4237 Commentarii
750 4162 969 4248 Kimchiani,
994 4161 1142 4235 nonnul·

354 4272 396 4348 lis
426 4275 564 4348 muratis
592 4273 734 4366 litteris,
763 4276 797 4350 in
823 4271 1056 4350 Pentateucho
1077 4277 1142 4348 Βο-

355 4385 509 4460 noniensi
540 4384 721 4464 videantur
748 4387 924 4474 adhibiti,
953 4412 1022 4462 non
1052 4384 1142 4460 adeo

354 4521 454 4604 aegre
486 4497 623 4572 admitti
653 4525 764 4604 posset
793 4507 992 4600 coniectura
1021 4503 1054 4576 in
1086 4523 1142 4574 ea·

354 4607 435 4684 detn
467 4611 552 4687 urbe
577 4611 664 4685 forte
685 4636 719 4688 et
737 4639 892 4690 nostrum
910 4614 1036 4689 librum
1058 4612 1141 4687 fuis·

352 4747 390 4798 se
418 4747 604 4799 excusum.
643 4725 709 4801 Sed
750 4727 834 4802 haee
862 4732 1060 4828 conjectura
1089 4749 1140 4800 est

353 4833 468 4910 adhuc
507 4837 609 4910 nimis
647 4839 801 4928 infirma,
845 4865 924 4916 nam
963 4839 1139 4914 character

354 4948 414 5053 qui
445 4947 549 5024 haber
580 4952 688 5027 varias
723 4950 869 5038 litteras,
900 4976 937 5029 ut
965 4951 1140 5037 diximus,

354 5085 394 5136 ac
424 5061 546 5140 melius
576 5061 659 5136 iulia
689 5062 732 5139 ad
761 5091 840 5141 eunt
870 5064 1139 5141 Pentateueltttm

355 5172 635 5262 observabimus,
665 5201 756 5252 cette
784 5179 952 5265 diversas,
980 5201 1139 5280 caretque

355 5312 469 5376 nexu,
506 5287 566 5393 qui
596 5289 630 5362 in
659 5291 766 5366 altero
796 5290 1029 5368 usitatissimus
1066 5313 1139 5376 est,

355 5399 446 5472 idem
477 5425 556 5476 sane
587 5401 654 5476 dici
693 5430 760 5479 non
793 5429 924 5508 potest.
963 5407 1139 5477 Praeterea

356 5523 550 5590 nostrorum
590 5517 890 5624 typographorum
928 5515 1066 5591 nomina
1104 5517 1139 5590 itt

1206 1577 1309 1650 ctoris
1337 1574 1475 1652 officio,

1431 1805 1767 1878 Mcccctxxrx

1566 1974 1597 2045 V
1618 1976 1633 2046 Ι

1272 2141 1320 2211 R.
1349 2141 1468 2213 Jacobt'
1495 2142 1556 2211 bert
1579 2123 1681 2215 Ascdr
1707 2144 1786 2222 lora
1804 2143 1890 2214 deltd
1906 2193 1918 2226 ,
1937 2169 1993 2215 tert

1202 2267 1240 2322 11
1265 2253 1346 2324 ordo
1377 2253 1470 2323 Ardd
1500 2255 1601 2325 turim
1614 2306 1627 2341 ‚
1648 2263 1681 2325 in
1700 2255 1767 2348 sol.
1786 2281 1882 2327 max.
1907 2257 1994 2328 Fer-

1202 2372 1305 2436 rariae
1325 2390 1380 2436 art.
1397 2381 1603 2452 ccxxxix,
1623 2371 1698 2442 chr.
1715 2383 1991 2440 Mccecrxxrx.

1285 2475 1418 2550 Primus
1446 2475 1533 2548 ordo
1568 2478 1682 2552 Orach
1719 2477 1843 2552 chaiitn
1873 2504 1990 2584 perra·

1203 2609 1259 2660 rae
1290 2587 1392 2689 hujus
1420 2585 1580 2665 editionis
1619 2594 1803 2675 Mantuae,
1830 2614 1866 2665 ιιι
1900 2590 1993 2665 tidi-

1202 2723 1301 2788 tnus,
1331 2723 1478 2774 excusus
1518 2727 1567 2777 est
1597 2701 1641 2776 ab
1682 2699 1880 2776 Abraltamo
1922 2707 1992 2778 Co·

1202 2834 1282 2884 nato
1321 2837 1375 2886 an.
1413 2813 1514 2910 1476
1528 2867 1537 2886 .
1581 2813 1838 2912 Quinimmo,
1867 2841 1992 2920 quam-

1202 2924 1252 2998 vis
1282 2922 1412 3029 integra
1443 2927 1545 3029 hujus
1585 2925 1692 3001 nostri
1721 2925 1861 3002 secundi
1900 2925 1993 3002 ordi·

1203 3037 1275 3123 nis,
1313 3062 1372 3110 sert
1403 3042 1479 3116 lore
1506 3036 1616 3126 delta,
1653 3035 1760 3114 editio
1789 3041 1823 3113 itt
1854 3038 1992 3146 epigra-

1204 3147 1273 3254 phe
1301 3148 1344 3224 ad
1366 3150 1473 3224 solam
1492 3155 1677 3228 Ferrariam
1695 3175 1727 3227 et
1748 3150 1862 3226 solum
1885 3155 1992 3227 Abra·

1204 3261 1348 3337 hamum
1380 3261 1445 3338 ben
1474 3263 1606 3340 Chailm
1637 3263 1815 3348 referatur,
1837 3267 1912 3366 ejus
1941 3288 1992 3340 ta·

1203 3400 1281 3450 men
1314 3400 1388 3480 pars
1416 3376 1490 3452 sine
1518 3377 1629 3454 dubio
1657 3377 1701 3452 ab
1729 3377 1852 3454 eodem
1878 3379 1991 3452 Cona-

1204 3514 1241 3561 ιο
1281 3512 1316 3564 et
1356 3488 1390 3563 in
1430 3487 1550 3566 eadem
1592 3494 1754 3565 Mantuae
1796 3487 1881 3564 urbe
1924 3489 1990 3566 sub

1202 3600 1304 3674 linem
1346 3599 1436 3678 illius
1482 3603 1563 3678 anni
1612 3605 1715 3700 1476
1758 3599 1812 3677 vel
1851 3601 1989 3683 initium

1208 3737 1309 3810 1477
1340 3739 1392 3789 est
1422 3715 1608 3822 impressa.
1635 3721 1722 3791 Nam
1752 3739 1797 3788 ex
1828 3740 1874 3813 9¹
1900 3714 1989 3791 foliis

1199 3849 1235 3899 er
1265 3851 1333 3899 uno
1362 3825 1441 3900 albo
1481 3827 1523 3904 ad
1554 3828 1706 3914 calcem,
1734 3828 1863 3931 quibus
1892 3829 1990 3902 volu-

1200 3961 1279 4011 tnen
1310 3961 1464 4029 constat,
1504 3939 1617 4043 priora
1664 3965 1708 4038 3¹
1759 3965 1882 4016 exettsa
1909 3963 1989 4015 sunr

1200 4048 1294 4152 typis
1334 4050 1477 4134 Ottrati,
1519 4050 1649 4154 reliqna
1690 4051 1785 4155 typis
1833 4050 1988 4154 Abraha-

1200 4161 1246 4232 mi
1278 4159 1346 4254 ben
1375 4161 1535 4248 Chaiim,
1563 4161 1622 4265 qui
1648 4164 1710 4236 etsi
1732 4163 1800 4236 sint
1819 4162 1988 4264 prioribus

1199 4267 1299 4346 valde
1327 4271 1455 4346 similes
1483 4297 1518 4346 et
1545 4271 1699 4374 ejusdem
1730 4273 1877 4358 formae,
1906 4297 1987 4349 sunt

1197 4405 1312 4458 tamen
1340 4385 1486 4460 omnino
1516 4384 1664 4461 diversi.
1692 4389 1781 4459 Sunt
1801 4383 1894 4458 enim
1913 4384 1987 4458 exi-

1197 4495 1321 4582 liores,
1350 4498 1457 4606 magis
1486 4501 1574 4575 inter
1603 4523 1638 4574 se
1667 4497 1836 4583 connexi,
1860 4493 1985 4574 ductus

1196 4611 1351 4714 superior
1395 4609 1505 4684 lamed
1549 4613 1592 4684 in.
1622 4610 1816 4686 charactere
1862 4611 1985 4686 Conari

1198 4725 1402 4829 plerumque
1442 4723 1633 4826 obliquus,
1673 4724 1707 4798 itt
1751 4747 1867 4796 nostro
1913 4720 1985 4798 fere

1196 4861 1331 4942 semper
1360 4859 1491 4919 rectus,
1530 4861 1640 4912 nexus
1668 4833 1772 4938 aleph
1801 4859 1836 4910 er
1870 4833 1984 4910 lamed

1197 4949 1254 5023 hie
1284 4948 1385 5055 plane
1425 4949 1533 5038 alius,
1570 4946 1774 5054 majusculas
1803 4945 1983 5052 quadratas

1196 5063 1408 5169 germanicae
1437 5059 1630 5136 inflexionis
1672 5062 1777 5135 hahet
1812 5063 1982 5151 Conatus,

1197 5175 1307 5250 nullas
1338 5173 1552 5250 Abrahamus
1582 5173 1648 5248 beu
1679 5170 1850 5248 Clraiimi.
1890 5173 1980 5246 Hine

1183 5291 1230 5372 ¹in
1260 5287 1431 5394 prioribus
1469 5289 1534 5362 illis
1568 5311 1609 5386 3¹
1661 5286 1750 5360 foliis
1789 5311 1807 5358 a
1852 5286 1984 5358 Conato

1197 5401 1366 5504 impressis
1408 5398 1612 5502 majusculae
1652 5398 1718 5473 hae
1757 5399 1887 5472 litterae
1917 5395 1984 5468 oh-

1198 5537 1404 5601 serrantur,
1440 5513 1499 5588 sed
1528 5536 1548 5584 a
1577 5510 1640 5586 lbl.
1669 5537 1740 5613 32,
1765 5533 1826 5584 seu
1854 5534 1873 5580 a
1902 5533 1984 5582 con-
