5222 7090
833 688 1406 762 Pansentna
1898 710 1947 788 ῃ

301 866 512 944 characteres
549 860 719 969 viguisse.
757 861 894 940 Etenim
925 859 1093 939 rabbioici
1152 863 1255 938 etiam
1298 861 1433 950 etlitio,
1473 887 1688 970 quamquam
1730 861 1766 940 in
1808 861 1951 940 minoris

303 984 381 1088 typi
412 979 532 1085 quiin
564 974 628 1051 hac
657 975 811 1052 editione
839 1001 873 1054 et
902 975 936 1052 in
967 974 1041 1052 aliis
1060 976 1093 1050 in
1152 979 1322 1052 momenti
1350 975 1574 1065 lectionibus,
1615 975 1732 1053 Exodi
1761 999 1831 1053 virt
1863 1005 1885 1078 9
1917 1001 1953 1054 et

301 1096 423 1170 eadem
448 1093 531 1168 urbe
555 1090 744 1197 procuratis
775 1115 1093 1196 usurpantur,uon
1153 1095 1255 1166 Deut.
1296 1111 1424 1166 xxvttt
1468 1115 1549 1182 20,
1589 1117 1630 1168 ac
1660 1090 1731 1167 fere
1763 1092 1860 1168 unica
1890 1117 1954 1168 seu

302 1207 409 1284 modo
440 1205 631 1310 hispanicae
662 1203 854 1282 inflexionis
882 1228 984 1292 sunt,
1010 1229 1095 1310 qua·
1151 1231 1232 1281 cum
1261 1203 1337 1279 solo
1358 1205 1576 1280 consentiens
1593 1204 1835 1284 Pentateucho
1855 1207 1889 1282 iu
1913 1235 1952 1306 4.

302 1320 350 1398 les
380 1319 414 1394 iu
445 1319 623 1395 Lusitania
668 1315 946 1406 adhibebantur,
973 1315 1033 1392 sed
1062 1340 1097 1394 et
1154 1320 1227 1394 sine
1257 1343 1347 1396 anno
1376 1341 1411 1392 et
1440 1314 1546 1408 loco,
1574 1321 1634 1424 qui
1667 1320 1701 1394 in
1732 1320 1823 1394 lscair
1844 1344 1877 1395 er
1901 1319 1955 1426 ip·

303 1435 405 1542 plane
436 1431 539 1509 iidem
570 1457 649 1510 cum
665 1433 705 1506 iis
720 1434 780 1538 qui
796 1435 829 1506 in
845 1431 1012 1508 Lusitanis
1026 1431 1100 1506 edi·
1155 1457 1190 1508 se
1220 1431 1334 1510 editus
1363 1456 1435 1517 est,
1465 1434 1558 1507 Gen.
1586 1455 1689 1510 xxix
1724 1457 1771 1533 32
1795 1458 1829 1509 et
1852 1437 1955 1510 Nutu.

304 1546 455 1625 tionibus
483 1545 762 1653 conspiciuntur,
790 1544 881 1620 idern
911 1544 1100 1652 quadratus
1158 1569 1199 1621 vt
1232 1541 1462 1622 21.Eadem
1494 1545 1527 1620 in
1557 1547 1723 1622 Resciauo
1764 1569 1861 1622 textu
1903 1543 1957 1622 le·

303 1668 413 1765 major
441 1658 733 1767 elegantissimus,
761 1661 903 1736 eaedem
930 1665 1101 1761 majuscu·
1157 1660 1280 1738 ctionis
1310 1661 1471 1734 varietas.
1501 1663 1539 1734 ht
1563 1657 1816 1736 recentioribus
1831 1657 1958 1738 editio·

303 1775 355 1854 lae
381 1798 416 1850 et
444 1799 582 1850 ornatae
612 1773 764 1863 litterae,
788 1772 927 1852 eaedem
961 1771 1097 1880 ligneae
1154 1773 1255 1848 nibus
1298 1771 1341 1846 ad
1386 1775 1470 1878 Cap
1509 1773 1580 1846 virt
1623 1769 1735 1848 Exodi
1781 1772 1885 1850 habet
1926 1773 1955 1850 is

304 1888 468 1974 tabulae,
496 1887 621 1994 quibus
653 1886 948 1976 condecorantnr,
974 1887 1095 1962 eadem
1153 1906 1286 1964 niam
1324 1906 1449 1964 mont
1477 1893 1566 1986 quod
1589 1891 1694 1983 plaga
1717 1897 1954 1986 primogenito-

303 2001 455 2107 denique
484 2007 602 2078 charta
632 2027 665 2077 et
692 2005 767 2104 ejus
794 2004 954 2109 signnm.
980 2007 1098 2108 ltaque
1155 2028 1247 2076 rum.
1278 2005 1394 2100 Quam
1417 2000 1600 2076 lectionem
1630 2000 1692 2076 etsi
1721 2027 1797 2100 earn
1826 1999 1954 2076 defen-

301 2119 331 2194 si
357 2115 544 2224 legendum
577 2142 624 2190 est
655 2120 740 2204 Sor,
766 2143 871 2221 quate
896 2118 1009 2220 potins
1037 2126 1097 2192 So·
1155 2112 1213 2190 dat
1242 2115 1332 2189 Elias
1359 2111 1548 2200 Mistachi,
1574 2111 1832 2222 exhibeantque
1863 2139 1953 2192 nort·

303 2255 357 2306 tae
387 2229 421 2306 in
461 2229 555 2306 Italia
585 2229 717 2306 editum
759 2255 919 2336 putemus
949 2229 1097 2320 librum,
1155 2227 1240 2303 nulli
1269 2228 1375 2304 nostri
1404 2226 1568 2320 codices,
1604 2251 1637 2302 et
1668 2253 1712 2304 ex
1741 2229 1953 2335 antiquiori-

304 2369 407 2448 quant
448 2345 481 2419 in
513 2343 595 2418 urbe
625 2347 741 2418 Soriae
770 2344 805 2417 in
835 2343 1097 2447 Hispania,aut
1155 2342 1219 2417 bus
1246 2340 1477 2430 editionibus,
1504 2366 1593 2447 quae
1617 2342 1709 2449 apud
1730 2369 1791 2418 nos
1808 2366 1957 2432 extant,

305 2457 339 2531 in
370 2456 435 2530 alia
464 2463 592 2539 Sonre,
623 2454 675 2529 vel
705 2457 811 2532 Snutii
842 2456 875 2529 in
906 2454 1102 2544 Lusitania,
1157 2457 1330 2558 Regiensis
1351 2457 1509 2528 otttnintn
1536 2457 1694 2560 princeps
1716 2457 1795 2532 anni
1831 2481 1958 2555 1475,

305 2569 365 2645 nbi
395 2566 529 2643 editum
561 2594 678 2644 revera
720 2593 790 2644 tota
819 2567 978 2646 editionis
1014 2568 1099 2644 ratio
1156 2570 1296 2675 antiqua
1326 2565 1397 2643 sine
1425 2592 1569 2644 annuet
1597 2569 1697 2659 loco,
1725 2571 1952 2648 Bononiensis

305 2683 542 2758 demonstrat?
571 2687 645 2756 Non
675 2683 775 2786 longe
804 2681 894 2756 euint
916 2683 999 2758 haec
1020 2683 1100 2758 urbs
1165 2691 1288 2778 1482,
1317 2680 1534 2758 Soncinensis
1572 2683 1696 2780 t487,
1726 2683 1950 2762 Thessaloni-

305 2823 323 2872 a
354 2796 463 2870 Leiria
492 2793 619 2882 distat,
658 2795 715 2870 nbi
749 2795 906 2871 hebraica
936 2797 1000 2872 alia
1045 2821 1101 2901 ty·
1156 2799 1263 2871 censis
1302 2823 1311 2870 t
1324 2821 1367 2892 5¹
1381 2821 1428 2892 5,
1454 2819 1488 2868 et
1517 2793 1701 2871 CPolitana
1730 2823 1785 2872 an.
1823 2824 1951 2894 1522,

304 2911 493 3018 pographia
522 2933 592 2985 erat
622 2934 750 2986 erecta.
780 2909 883 3007 Quod
902 2910 1099 3014 sicuipiam
1158 2909 1357 2984 mendosam
1399 2932 1512 2982 tamen
1554 2933 1625 2984 esse
1664 2935 1848 2986 contextus
1877 2911 1951 3018 ipse

304 3025 352 3100 ob
384 3024 479 3098 binas
516 3048 605 3129 quae
649 3021 854 3127 praecedunt
900 3023 1028 3098 litteras
1064 3021 1099 3099 irl
1158 3024 1293 3131 arguit.
1320 3019 1434 3096 Editio
1451 3044 1562 3098 nostra
1584 3047 1663 3098 cum
1690 3025 1955 3130 Ulys-ipouensi

305 3163 373 3213 non
403 3135 550 3227 arridet,
579 3161 613 3212 et
643 3136 765 3242 aliquis
793 3161 886 3212 extat
916 3139 1004 3211 intra
1033 3142 1101 3212 Lu·
1166 3163 1261 3234 ¹49¹
1299 3135 1441 3239 aliisque
1473 3137 1598 3212 nostris
1628 3135 1807 3214 codicibus
1830 3140 1955 3216 rectius

303 3251 442 3328 sitaniae
473 3252 526 3326 ve'l
556 3253 740 3356 Hispaniae
768 3250 852 3326 fines
882 3248 999 3336 locus,
1038 3252 1099 3355 qni
1157 3271 1281 3327 nuso
1308 3271 1409 3325 nanti
1438 3256 1527 3346 quod
1551 3255 1652 3348 plaga
1681 3261 1868 3330 siccitatis.
1898 3255 1956 3328 Sic

304 3393 369 3473 [tro
401 3366 492 3440 varia
522 3366 669 3440 lectione
699 3365 846 3440 nominis
874 3385 978 3442 ιιιιιιίι
1005 3390 1098 3470 pun·
1154 3387 1187 3438 et
1216 3363 1291 3473 loca
1332 3387 1399 3436 non
1444 3388 1549 3469 pauca
1579 3362 1680 3436 nobis
1718 3367 1954 3456 adversantia,

303 3483 368 3556 etis
395 3479 546 3555 destituti
577 3483 686 3566 lscar,
713 3485 826 3564 lsct'tr,
870 3481 1010 3570 hiscat,
1042 3481 1098 3554 ni·
1153 3503 1241 3582 qnae
1286 3477 1320 3550 in
1365 3474 1531 3551 hodierno
1569 3475 1690 3557 Jatchii
1732 3503 1827 3554 textu
1869 3503 1954 3556 sunt

303 3600 403 3681 seor,
432 3597 554 3679 neat,
583 3595 707 3674 Escdr,
738 3591 792 3670 vel
828 3593 930 3670 etiam
961 3595 1098 3679 hiscat,
1154 3593 1277 3666 otnissn
1311 3587 1362 3664 vel
1395 3615 1542 3678 mutata,
1573 3589 1629 3666 hic
1657 3614 1835 3667 servantur
1863 3592 1953 3670 inta-

302 3711 418 3784 Liscbr
463 3705 654 3814 appelletur
684 3713 699 3798 (
729 3731 808 3780 nam
851 3731 885 3783 et
931 3707 1097 3813 Ulyssipo
1153 3732 1232 3782 cta.
1278 3709 1500 3808 Quamquam
1545 3729 1659 3779 autem
1700 3706 1955 3783 Pentateuchus

305 3846 454 3926 utroque
483 3823 589 3894 modo
610 3819 655 3894 ab
676 3821 836 3896 Hebraeis
864 3821 1021 3896 scribitur
1050 3826 1096 3896 ls-
1154 3820 1210 3894 hic
1239 3818 1281 3892 sit
1310 3818 1515 3893 Bononiensi
1542 3842 1574 3892 et
1605 3817 1865 3924 Ulyssiponensi
1898 3846 1953 3896 ra·

264 3975 267 3982 ι
304 3933 394 4009 bona
423 3960 457 4008 et
480 3934 687 4026 Lishona),
733 3933 760 4008 is
792 3957 828 4006 nr
871 3935 1097 4016 verosimilior
1154 3935 1238 4021 rior,
1271 3955 1307 4006 nt
1337 3930 1642 4008 attitnrdvertitnus
1672 3957 1750 4016 tutu,
1774 3933 1951 4038 inhppa·

305 4047 411 4156 priori
441 4044 489 4121 illi
522 4047 645 4150 poterit
676 4045 857 4151 anteponi.
1155 4072 1228 4122 ratu
1269 4043 1597 4128 hebraeo-biblico,
1643 4068 1718 4118 turn
1769 4046 1803 4120 in
1847 4047 1951 4124 Clavi

383 4160 553 4259 Quamvis
585 4184 687 4266 porto
718 4163 749 4234 in
781 4159 954 4236 Lusitania
983 4181 1018 4235 et
1048 4185 1094 4234 ex
1152 4159 1324 4234 editorum
1368 4159 1526 4232 codicum
1573 4158 1681 4230 Variis
1723 4159 1948 4236 Lectionibus

304 4273 488 4380 hispanicis
531 4275 710 4348 codicibus
751 4269 837 4350 sacta
875 4275 917 4352 sit
961 4274 1091 4360 editio,
1151 4270 1318 4377 praefixa,
1349 4269 1556 4344 hinatamen
1582 4272 1712 4376 integra
1734 4274 1950 4370 einsexerttf·

305 4387 410 4463 habet
440 4413 555 4463 tamen
597 4411 739 4490 uterque
770 4411 905 4475 textus,
932 4415 1026 4464 sacer
1054 4414 1092 4462 ac
1152 4387 1206 4491 pla
1236 4383 1476 4468 obtinuimus,
1514 4409 1663 4486 quornm
1693 4379 1838 4458 alterutri
1871 4383 1947 4460 usui

305 4501 542 4610 targutnicns,
580 4501 803 4606 quamplures
833 4507 942 4578 varias
970 4501 1094 4576 lectio·
1150 4525 1267 4575 nostro
1296 4498 1561 4583 reservavimus,
1588 4495 1734 4574 alterum
1759 4499 1846 4574 Mosi
1876 4501 1948 4573 Fod

305 4643 389 4702 nes,
432 4615 521 4690 inter
549 4641 634 4718 quas
664 4615 806 4692 rariores
835 4643 875 4692 ac
904 4615 1093 4721 singulares
1150 4615 1307 4720 Regiensi
1337 4611 1544 4716 bibliopolae
1560 4611 1814 4687 concessimus.
1842 4615 1949 4688 Extat

305 4755 509 4812 occurrunt,
527 4752 630 4833 arque
652 4729 947 4806 animadversione
969 4731 1097 4836 dignis·
1150 4729 1256 4803 etiarn
1287 4727 1321 4800 in
1353 4724 1557 4800 bibliotheca
1588 4725 1724 4830 publica
1754 4724 1955 4814 Parisiensi‚

304 4845 431 4920 simum
461 4867 530 4930 est,
560 4843 655 4947 qnod
687 4845 787 4917 unica
816 4871 854 4919 ea
883 4847 925 4920 sit
954 4869 996 4916 ex
1022 4869 1097 4917 orn·
1154 4843 1188 4917 in
1219 4842 1458 4923 Casanatensi,
1486 4837 1581 4958 olim
1604 4865 1685 4915 veto
1714 4841 1805 4943 apud
1825 4842 1866 4914 cl.
1886 4852 1952 4916 As·

305 4959 408 5032 nibus
437 4955 670 5040 edittottibtts,
697 4981 785 5059 qnae
815 4961 904 5032 Gen.
933 4979 1092 5056 xtv113
1153 4958 1281 5030 semani
1328 4959 1498 5059 Apameae
1552 4953 1861 5058 Archiepiscoptttn
1908 4977 1949 5029 ac

304 5097 416 5148 servet
448 5070 614 5176 pluralettt
645 5068 828 5145 lectionem
857 5092 910 5154 'vn
933 5097 1096 5165 pastores,
1156 5069 1357 5172 primatium
1403 5066 1587 5142 vaticanae
1616 5065 1814 5159 custodem,
1848 5069 1947 5166 cujus

304 5211 410 5290 quarn
439 5183 609 5260 exhibent
629 5184 726 5259 tnttlti
752 5210 831 5259 mss.
850 5183 986 5260 codices
1005 5189 1095 5256 Ken·
1152 5182 1258 5257 libros
1289 5179 1395 5256 modo
1425 5179 1459 5253 in
1491 5182 1689 5260 Vaticanum
1723 5179 1829 5282 ipsam
1862 5179 1950 5253 ittla·

307 5297 483 5374 nitttttiatti
523 5325 562 5372 ac
593 5300 726 5386 nostri,
754 5299 985 5374 Samaritanus
1014 5321 1095 5370 tex·
1151 5319 1205 5369 tos
1232 5296 1373 5398 opinor.
1417 5298 1466 5366 Ac
1499 5294 1610 5396 priora
1639 5289 1780 5396 quidem
1824 5317 1965 5366 exem--

307 5433 365 5486 tus
398 5437 431 5487 et
472 5413 642 5487 versiones
679 5437 800 5486 omnes
840 5413 1021 5510 antiquae,
1056 5433 1096 5484 ac
1155 5407 1258 5514 platin
1288 5410 1466 5482 chartacea
1496 5429 1597 5492 sunt,
1626 5406 1686 5481 sed
1710 5404 1788 5480 bina
1814 5429 1947 5511 postre-

308 5525 465 5634 syntaxis
493 5525 648 5634 analogia
691 5525 859 5632 postulat.
901 5525 1008 5600 Unica
1046 5543 1098 5599 est
1155 5547 1211 5598 ma
1240 5520 1520 5600 membranacea.
