5146 7094
738 720 1430 796 PARSSECUNDA
1838 747 1912 820 ιη

264 893 370 974 seculi
398 891 491 970 libro
520 890 742 972 observatur.
772 896 883 997 Major
912 913 963 969 est
993 913 1065 970 tan·
1120 896 1154 971 in
1184 891 1329 1004 eleganti
1369 919 1527 1003 papyro,
1556 895 1729 1002 quadratis
1767 895 1914 990 litteris,

261 1010 367 1117 risper
406 1004 620 1082 acuminatus
663 1029 699 1083 et
740 1005 783 1081 ad
831 1003 1060 1114 germanicam
1121 1008 1276 1114 binisque
1307 1009 1543 1086 voluminibus
1579 1010 1752 1086 elaborata
1781 1035 1815 1086 et
1846 1039 1911 1086 an-

261 1123 407 1198 formam
437 1116 626 1194 accedens.
663 1121 868 1195 Litterarum
898 1142 1063 1222 eompeu·
1120 1121 1333 1227 tiqttissima,
1381 1122 1546 1228 ipsissima
1600 1117 1714 1198 nostra
1758 1124 1828 1208 sit,
1874 1151 1914 1199 ac

260 1235 316 1310 dia
353 1256 484 1339 puncto
523 1231 681 1340 superius
718 1235 830 1339 posito
869 1257 932 1338 pro
964 1255 1062 1305 retu·
1120 1233 1265 1340 proinde
1305 1260 1348 1311 err
1379 1259 1421 1308 eo
1462 1234 1691 1340 exemplari,
1714 1234 1770 1310 cui
1801 1236 1917 1311 nullus

260 1347 405 1424 stiorum
445 1343 639 1422 editionum
680 1371 776 1421 more
814 1344 1062 1452 designantur,
1119 1349 1153 1422 in
1193 1347 1358 1455 Catalogo
1397 1373 1505 1422 annus
1546 1347 1600 1422 vel
1639 1349 1734 1425 locus
1763 1347 1918 1456 assigna·

1991 469 2139 568 s

263 1485 418 1568 papyrus
446 1459 588 1534 crassior
618 1457 748 1535 redolet
779 1483 814 1534 et
843 1460 915 1565 ipsa
938 1481 993 1534 xv
1013 1482 1063 1532 se·
1120 1483 1201 1548 ttrr,
1228 1457 1418 1556 luculenter
1457 1459 1680 1536 confirmetur
1719 1459 1815 1565 quod
1846 1489 1916 1537 an·
1975 1501 2005 1518 r·

262 1575 382 1650 culum
424 1572 640 1680 primamque
679 1571 932 1681 typographiae
972 1595 1065 1646 aeta·
1120 1598 1173 1648 tea
1212 1597 1257 1648 ert
1298 1571 1458 1650 editionis
1500 1571 1630 1650 ratione
1672 1577 1914 1673 conjeceram,

263 1712 359 1778 tent,
383 1683 509 1763 desunt
538 1687 741 1794 paginarum
770 1681 930 1770 numeri,
950 1680 1063 1792 signa·
1119 1685 1213 1760 illam
1242 1685 1314 1762 sine
1343 1711 1435 1760 anno
1465 1707 1498 1760 et
1528 1682 1604 1761 loco
1636 1685 1820 1792 prodiisse.
1849 1693 1915 1763 Pa-

263 1825 386 1890 tnrae,
427 1796 608 1889 custodes,
644 1801 747 1876 eriam
791 1798 979 1882 linearum,
1022 1820 1062 1870 ac
1120 1822 1170 1874 tet
1198 1821 1311 1874 autem
1335 1825 1381 1874 ert
1400 1796 1584 1873 collatione
1610 1799 1801 1904 principem
1826 1799 1914 1874 hanc

264 1914 330 1992 sub
357 1913 460 1990 finem
491 1911 712 2020 periodorum
736 1935 886 2019 puncta,
907 1907 978 1985 sola
1001 1933 1063 1984 ex·
1120 1911 1309 1988 editionem
1349 1937 1418 1986 non
1448 1910 1554 1986 modo
1597 1909 1765 2019 insignem
1804 1915 1916 1988 varia-

261 2051 364 2135 cepta
392 2026 602 2133 praefatione
630 2048 665 2104 et
705 2023 841 2114 indice,
873 2022 998 2100 desunt
1027 2043 1062 2095 et
1121 2050 1197 2100 rum
1220 2023 1408 2101 lectionum
1430 2025 1564 2132 copiam
1586 2023 1829 2132 suppeditare,
1856 2024 1915 2102 sed

263 2140 455 2247 superiores
483 2140 653 2218 librorum
688 2139 745 2218 vel
775 2137 1062 2216 constitutionum
1120 2162 1156 2216 et
1185 2137 1351 2248 integram
1381 2161 1452 2216 esse
1480 2136 1595 2242 quoad
1624 2138 1723 2228 loca,
1744 2163 1824 2215 sane
1847 2165 1915 2216 non

265 2255 377 2342 tituli,
406 2252 488 2330 solis
515 2253 670 2360 exceptis
700 2253 788 2329 binis
808 2246 980 2358 prioribus
1002 2271 1061 2352 pa·
1123 2277 1254 2358 pauca,
1290 2251 1443 2356 quaein
1475 2249 1789 2329 Constitutionibus
1820 2277 1917 2358 prae·

265 2367 354 2476 ginis
382 2367 460 2442 libri
482 2372 497 2443 1
518 2389 722 2474 umnquac
745 2365 848 2442 titulo
870 2360 1062 2469 insigninn·
1118 2367 1234 2442 sertim
1277 2363 1402 2442 Avoda
1432 2367 1508 2442 zarai
1536 2391 1595 2444 seu
1634 2363 1677 2442 de
1714 2363 1914 2444 Idololatria

268 2505 326 2558 tur
353 2479 551 2558 flavioribus
576 2479 698 2558 litteris
725 2501 874 2554 excuso.
907 2475 1060 2550 Primum
1119 2475 1336 2564 haereticos,
1361 2477 1530 2586 gentiles,
1572 2479 1753 2572 idolatras,
1781 2505 1916 2587 aposta·

265 2591 430 2670 volumen
461 2592 543 2670 folia
581 2595 652 2669 182
684 2587 928 2698 complectitur
957 2585 1061 2660 hanc·
1119 2613 1189 2676 tas,
1217 2589 1272 2664 vel
1301 2592 1449 2696 apertius
1479 2591 1581 2668 etiarn
1605 2593 1836 2680 Christianos,
1860 2619 1914 2670 sa·

263 2733 334 2812 que
363 2705 664 2815 typographorum
687 2729 824 2781 notam:
856 2719 964 2777 aaroni
991 2717 1062 2789 *run
1118 2699 1275 2779 cerdotes
1302 2702 1439 2793 Edom,
1467 2705 1614 2812 impium
1642 2731 1786 2814 regnum
1807 2707 1915 2812 respi-

265 2839 393 2901 natast
420 2817 539 2897 nottho
571 2817 650 2898 hant
684 2839 740 2910 ιν)
767 2837 824 2898 nrt
852 2833 935 2892 nmo
963 2829 1062 2905 umor
1120 2817 1235 2893 ciunt.
1263 2816 1444 2916 Quaedam
1470 2841 1583 2895 tamen
1612 2819 1718 2896 rerba
1746 2846 1787 2896 ac
1809 2821 1916 2924 potis·

264 2951 305 3008 *rt
348 2930 391 3016 ht
435 2927 579 3012 'totunm
624 2952 746 3009 tatano
783 2945 928 3010 ruintttrt
966 2945 1064 3020 toron
1121 2929 1249 3006 simum
1286 2931 1536 3008 sanctissimum
1580 2933 1767 3010 servatoris
1806 2933 1915 3008 nostri

267 3067 349 3124 nuo
372 3039 419 3124 'aa
440 3065 565 3128 numm
594 3067 688 3123 nrm
714 3041 761 3122 ‘aa
788 3037 887 3118 nolu
915 3033 1065 3135 ‘’gnato-r
1121 3067 1248 3119 nomen
1278 3067 1377 3120 caute
1417 3044 1603 3151 aliqnando
1633 3047 1667 3120 in
1707 3043 1916 3122 editionibus

265 3155 365 3238 ‘aanor
381 3149 495 3236 'tantm
516 3157 597 3238 *stin
617 3155 775 3238 :bonit
793 3149 917 3231 inne
940 3143 1065 3230 tabeel
1123 3155 1207 3263 ipsis
1235 3156 1486 3261 antiquioribus
1526 3185 1565 3234 ac
1596 3156 1805 3266 plenioribus
1834 3185 1916 3266 sup·

264 3265 366 3350 'nuit
393 3269 499 3349 ntro
528 3268 611 3350 ‘tanat
645 3326 666 3362 „
694 3265 901 3348 Benedictus
930 3263 1065 3342 miseri·
1121 3269 1227 3374 primi
1254 3295 1358 3376 supra
1399 3269 1552 3348 vidimus
1580 3271 1624 3348 ad
1668 3273 1917 3349 Soncinensem

263 3411 340 3464 cors
367 3385 428 3491 qui
457 3383 589 3490 adjuvit
618 3411 682 3462 nos
711 3410 729 3459 a
757 3377 931 3490 principio
952 3399 1062 3482 usque
1120 3379 1201 3459 anni
1240 3407 1367 3483 1490,
1396 3383 1566 3490 producto
1595 3384 1758 3491 exemplo
1778 3409 1824 3459 ex
1845 3409 1914 3461 tta-

262 3524 380 3586 nunc,
408 3497 675 3607 absolutumque
704 3523 755 3576 est
782 3493 962 3601 opificium
992 3489 1062 3564 mi·
1118 3519 1211 3573 ctatu
1244 3493 1430 3573 Melachim
1468 3523 1528 3574 seu
1569 3496 1614 3575 de
1642 3497 1816 3607 Regibus,
1860 3498 1916 3576 cui

263 3611 390 3688 nisterii
430 3613 484 3688 vel
523 3612 636 3689 cultus
677 3611 783 3688 sancti
819 3633 875 3684 vrr
904 3607 1058 3713 priorum
1119 3608 1231 3716 placet
1259 3607 1353 3688 aliud
1381 3613 1451 3712 jam
1480 3609 1606 3689 addere
1635 3636 1679 3687 etr
1709 3639 1784 3719 cap.
1814 3637 1842 3688 x
1871 3609 1916 3687 de

264 3723 431 3801 librorum
488 3749 548 3829 per
593 3749 713 3800 manus
759 3719 1061 3830 typographorum
1117 3722 1335 3800 Idololatria.
1377 3723 1430 3800 lbi
1468 3723 1592 3834 legitur
1629 3725 1663 3800 in
1695 3723 1916 3802 Maimonidis

265 3836 458 3914 Salomonis
486 3835 548 3914 filii
590 3839 630 3911 R.
658 3833 809 3918 Jehudae
844 3857 880 3910 et
907 3833 1062 3912 Obadiae
1119 3860 1237 3915 textu:
1267 3887 1290 3928 „
1318 3833 1386 3913 Sed
1416 3835 1594 3916 traditores
1622 3840 1754 3916 Israelis
1779 3862 1815 3916 et
1839 3841 1917 3914 itae-

267 3951 329 4026 filii
359 3955 401 4024 R.
429 3949 553 4026 Mosis.
581 3951 753 4026 Dominus
775 3947 899 4054 dignos
928 3971 991 4024 nos
1014 3946 1065 4022 fa·
1117 3952 1242 4026 reticos
1271 3972 1306 4025 et
1333 3947 1530 4055 epicuraeos
1555 3976 1712 4030 tenemur
1734 3977 1836 4029 manu
1855 3951 1917 4026 de·

264 4065 332 4139 ciat
364 4061 516 4168 incipere
544 4087 580 4138 et
611 4062 773 4168 perlicere
814 4083 944 4166 partem
972 4057 1064 4136 alte·
1119 4085 1248 4139 struere
1277 4059 1333 4138 vel
1363 4087 1504 4152 necare,
1543 4088 1579 4140 et
1608 4064 1641 4140 in
1684 4088 1828 4172 puteum
1859 4065 1937 4141 fo-.

263 4203 336 4256 ram
369 4173 520 4281 aliosque
547 4173 656 4252 libros
684 4175 719 4250 in
750 4172 821 4250 vita
849 4195 884 4248 et
919 4173 953 4250 in
984 4199 1066 4282 pro·
1120 4201 1203 4252 veae
1227 4171 1426 4265 dimittere,
1464 4177 1543 4283 quia
1586 4175 1649 4283 ipsi
1679 4202 1757 4253 suut
1787 4176 1916 4252 inimici

261 4291 424 4398 speritate
451 4340 500 4379 „.
1122 4287 1252 4364 israelis
1278 4313 1314 4363 et
1343 4311 1503 4366 avertunt
1541 4288 1710 4397 populum
1746 4293 1917 4364 aDomi·

349 4401 523 4478 Volumen
551 4399 696 4479 alterurn
738 4403 772 4478 in
803 4427 921 4480 nostro
950 4427 1065 4479 exem·
1121 4428 1190 4490 no,
1219 4427 1256 4478 ut
1286 4399 1467 4480 Zadochus
1496 4403 1693 4493 Baithosus,
1722 4428 1916 4510 eorumque

263 4515 348 4621 plari
379 4515 414 4591 in
443 4516 512 4590 fine
542 4517 706 4593 mutilum
735 4541 812 4606 est,
837 4515 995 4594 desinens
1018 4515 1062 4590 ad
1120 4513 1295 4624 discipuli,
1318 4540 1443 4592 nomen
1465 4517 1652 4624 impiorum
1676 4537 1848 4626 putrescat
1870 4570 1911 4609 „.

262 4654 338 4736 cap.
367 4653 437 4704 xrtr
475 4627 735 4706 Constitutionis
775 4626 863 4709 rath
891 4627 972 4707 nnn
1000 4655 1060 4706 seu
1119 4635 1199 4705 Mss.
1227 4628 1364 4706 codices
1394 4653 1471 4736 post
1499 4628 1604 4707 rerba
1632 4657 1783 4706 auertunt
1807 4658 1919 4729 popa·

265 4741 429 4846 ejusqui
460 4767 621 4818 mutuum
651 4741 710 4819 dat
739 4765 776 4818 et
804 4743 952 4850 accipit.
992 4741 1059 4820 Sed
1118 4749 1188 4818 ium
1227 4773 1248 4818 a
1287 4748 1443 4819 Domino
1481 4743 1635 4820 inserunt
1675 4765 1783 4824 *nstin
1820 4765 1918 4829 utut)

266 4851 360 4928 aliud
389 4852 568 4961 exemplar
597 4855 825 4962 etquidem,
857 4881 892 4932 ut
915 4859 1064 4962 opinor,
1118 4852 1256 4932 ttrtohnt
1296 4867 1381 4932 sicut
1410 4863 1507 4952 Iesus
1536 4864 1730 4956 Nazarenus
1759 4883 1791 4933 et
1817 4865 1915 4933 disci·

264 4965 438 5074 integrum
468 4993 624 5044 servatur
653 4970 687 5046 in
717 4969 948 5078 Seligmanni,
977 4969 1062 5046 olim
1113 4976 1383 5068 puliejus.1ta
1413 4993 1529 5077 aperte
1556 4997 1652 5047 meus
1683 4973 1786 5056 626,
1811 4993 1846 5046 et
1867 4995 1914 5046 ert

265 5079 561 5185 oppenheimeri,
591 5081 823 5170 bibliotheca,
853 5109 891 5160 ut
913 5109 997 5159 eruo
1016 5109 1061 5160 ea
1120 5085 1231 5190 prima
1261 5110 1364 5160 manu
1398 5087 1477 5184 982
1507 5109 1542 5162 et
1572 5087 1698 5171 1066,
1724 5084 1842 5186 sicque
1866 5083 1919 5158 bi·

263 5193 358 5268 edito
387 5199 460 5294 ejus
505 5195 672 5304 Catalogo
713 5195 775 5272 fol.
820 5199 866 5273 16
898 5197 947 5272 b.
989 5203 1061 5274 Nec
1120 5197 1156 5272 ni
1185 5197 1372 5280 iablonskii
1402 5195 1495 5306 apud
1524 5195 1690 5274 Wolfium
1722 5221 1810 5270 tom.
1836 5199 1851 5270 1
1881 5221 1914 5300 p.

263 5306 359 5380 enirn
387 5305 618 5384 dubitandum
647 5331 697 5384 est
738 5309 821 5414 quin
864 5309 922 5388 illa
951 5309 1060 5386 editio
1122 5313 1201 5408 854
1242 5337 1323 5388 cum
1361 5309 1429 5387 hoc
1466 5309 1541 5386 solo
1580 5307 1777 5386 discrimine
1819 5299 1916 5414 quod

262 5442 351 5520 quae
382 5443 461 5522 post
489 5421 710 5498 CPolitanam
748 5421 877 5498 ibidem
906 5448 1059 5500 recense·
1117 5421 1231 5532 legant
1261 5443 1336 5503 tutto
1363 5449 1422 5502 seu
1453 5429 1547 5506 lesus
1577 5447 1702 5498 nomen
1733 5423 1806 5498 sihe
1835 5421 1913 5527 ain,

263 5551 345 5619 tur,
372 5555 409 5608 et
436 5529 563 5608 dicitur
591 5533 664 5610 sine
694 5531 766 5612 ullo
800 5537 1058 5616 Commentario
1114 5561 1152 5614 ut
1181 5563 1260 5614 suos
1289 5536 1403 5648 legere
1430 5535 1541 5615 solere
1569 5535 1604 5613 in
1645 5533 1744 5613 Tisbi
1771 5557 1913 5610 testatur
