5146 7094
827 737 1397 818 cantantur
1883 764 1934 838 ῃ

257 943 317 994 v‘r
362 913 570 1028 Mcghillhtlt
611 941 646 994 et
685 912 906 1025 Aptharhrh,
948 914 1079 994 auxilio
1136 942 1204 1025 que
1232 942 1251 996 a
1281 915 1455 995 nonnullis
1494 939 1611 1023 reapse
1649 915 1802 994 confusi.
1840 916 1930 1020 Qui-

291 1057 407 1110 rerum
448 1031 605 1106 omnium
651 1030 822 1118 Domini,
859 1033 957 1134 cujus
985 1029 1080 1139 regui
1135 1029 1202 1106 bus
1251 1035 1342 1109 notis
1388 1057 1502 1108 noster
1544 1029 1603 1106 hic
1641 1029 1871 1140 distinguatur
1912 1059 1934 1107 1

291 1145 482 1254 gloriosum
515 1170 640 1222 nomen
670 1144 711 1222 sit
741 1145 775 1220 in
804 1143 958 1221 seculum
982 1169 1017 1220 et
1047 1145 1080 1219 in
1139 1147 1376 1222 Pentateucho
1405 1148 1617 1254 integrorum
1647 1143 1865 1233 Bibliorum,
1894 1146 1929 1220 in

288 1281 471 1336 aeternum
510 1255 757 1350 benedictum,
797 1255 900 1332 hodie
939 1255 1021 1334 feria
1055 1282 1082 1333 11
1139 1283 1288 1362 quorum
1320 1259 1489 1365 exemplis
1528 1257 1555 1334 is
1585 1283 1624 1334 ut
1655 1284 1810 1335 masorae
1844 1285 1932 1336 coo-

285 1371 343 1450 die
374 1397 428 1448 xv
461 1371 585 1448 mensis
615 1371 746 1448 eltislev
776 1397 866 1446 anno
888 1395 996 1448 111111
1017 1371 1082 1446 mi·
1139 1369 1282 1449 formior
1307 1397 1412 1479 saepe
1440 1372 1644 1448 substitutus
1682 1395 1932 1449 1111110111-

284 1489 377 1562 noris
413 1485 585 1590 'compuri
624 1485 680 1561 hic
726 1484 859 1560 Brixiae
899 1511 987 1590 quae
1030 1507 1080 1560 est
1138 1510 1281 1591 pactus,
1320 1483 1362 1560 ad
1392 1483 1511 1561 eadem
1556 1484 1666 1561 Biblia
1706 1483 1795 1562 infra
1823 1510 1934 1592 expo·

285 1599 352 1675 sub
393 1596 551 1674 dominio
580 1623 688 1675 seren.
716 1595 876 1706 Reipubl.
906 1604 1079 1688 Venetae,
1137 1622 1277 1675 nemus.
1318 1602 1382 1673 Eas
1411 1624 1505 1674 nunc
1544 1597 1777 1706 attingamus,
1805 1601 1933 1704 quibus

286 1715 386 1816 cujus
427 1717 582 1814 majestas
621 1737 808 1822 augeatur,
848 1737 909 1819 per
938 1738 1080 1787 manum
1137 1735 1155 1785 a
1187 1710 1404 1818 praecedenti
1435 1712 1515 1787 anni
1568 1737 1670 1811 1491
1709 1712 1936 1818 potissimum'

287 1824 423 1901 minimi
454 1825 698 1932 impressorum
739 1830 888 1902 Gersom
926 1825 1081 1902 1111111-
1137 1826 1344 1902 secernitur.
1372 1831 1411 1902 In
1433 1825 1670 1902 Pentateucho
1707 1851 1934 1932 14919111-

287 1939 414 2044 pientis
457 1941 499 2012 ll.
540 1941 647 2017 Mosis
688 1938 889 2036 (memoria
928 1938 1010 2043 justi
1038 1938 1082 2015 sit
1139 1939 1286 2014 mittitur
1315 1938 1380 2015 snb
1409 1939 1548 2017 initium
1580 1937 1724 2015 Genesis
1755 1937 1844 2014 tituli
1877 1938 1934 2014 lo-

287 2053 322 2127 in
353 2051 628 2148 benedictione)
657 2079 703 2130 ex
732 2053 861 2130 semine
890 2052 1007 2144 Israel,
1032 2051 1083 2130 vi·
1136 2078 1180 2128 co
1208 2051 1316 2129 dictio
1345 2073 1471 2132 11111111
1509 2053 1705 2158 majusculis
1733 2051 1932 2158 ornatisque

287 2165 315 2240 ri
347 2163 561 2257 Soocioatis,
589 2164 651 2272 qui
679 2167 875 2276 germanice
903 2169 1083 2276 cognomi·
1138 2163 1259 2244 litteris
1288 2189 1413 2244 excusa
1443 2193 1484 2243 ac
1523 2166 1645 2275 ligneis
1676 2165 1932 2272 tabulis-supra

285 2303 389 2356 natur
436 2279 633 2356 Mentzelen
685 2279 829 2357 Sontzin
870 2281 1082 2377 (custodiat
1138 2302 1173 2354 et
1204 2281 1289 2358 infra
1318 2281 1450 2358 clausa.
1483 2284 1587 2359 Deest
1616 2279 1702 2357 haec
1732 2280 1766 2355 111
1797 2305 1934 2355 nostro.

288 2421 371 2468 eum
402 2416 503 2498 rupes
532 2396 607 2497 ejus
635 2419 675 2468 ac
705 2393 904 2501 redemptor
919 2397 1081 2498 ejus)„.
1140 2397 1179 2470 In
1225 2393 1287 2470 illo
1325 2397 1448 2503 pagina
1491 2419 1583 2472 recta
1617 2423 1636 2496 3
1668 2393 1742 2471 folii
1787 2392 1934 2499 explicit

289 2510 388 2581 Hanc
419 2503 577 2580 candent
594 2508 821 2614 epigraphem
852 2508 984 2613 profert
1012 2506 1083 2583 do-
1140 2505 1269 2584 verbo:
1299 2527 1690 2600 γ111,11011111·1ἠ11.
1734 2505 1847 2584 Habet
1875 2504 1935 2582 ille

286 2619 459 2697 ctissimus
488 2619 634 2724 Fabricy
676 2627 750 2697 Det
779 2629 878 2696 tt'rrcs
914 2624 1082 2718 primitiss
1137 2617 1174 2694 in
1204 2622 1314 2727 prima
1342 2622 1465 2729 pagina
1486 2627 1718 2698 Numerorum
1739 2619 1844 2696 lineas
1864 2644 1932 2695 tte·
2017 2689 2018 2692 ,

288 2757 376 2809 tom.
404 2757 431 2806 11
462 2759 496 2838 p.
530 2755 628 2833 391,
649 2731 741 2810 unde
762 2759 824 2810 nos
846 2733 941 2811 illam
968 2732 1081 2812 hausi·
1138 2729 1279 2822 decim,
1307 2733 1428 2810 relicto
1450 2735 1573 2837 majori
1596 2760 1725 2827 vacuo,
1746 2732 1803 2810 hic
1832 2734 1954 2840 quin-1

288 2871 367 2922 mus
395 2848 449 2920 De
479 2843 558 2921 heb.
587 2870 664 2954 typ.
693 2848 780 2956 orig.
821 2874 899 2956 pag.
932 2872 1008 2946 52,
1036 2872 1082 2924 ex
1140 2843 1279 2938 decim,
1306 2870 1341 2924 et
1371 2846 1415 2924 ad
1444 2847 1573 2924 calcem
1602 2846 1758 2951 ejusdem
1789 2845 1867 2924 libri
1897 2845 1932 2921 in

288 2958 391 3036 nobis
420 2983 504 3036 vero
531 2958 576 3035 cl·
606 2959 779 3038 Maschius
808 2961 974 3038 Biblioth.
1001 2985 1085 3038 sacr.
1117 2958 1263 3064 ‘eadem
1292 2961 1382 3038 linea
1411 2963 1445 3038 in
1475 2961 1536 3038 illo
1575 2959 1699 3038 desinit
1728 2983 1870 3051 textus,
1898 2983 1934 3034 et

289 3097 376 3151 tom.
404 3075 420 3147 1
451 3097 528 3181 pag.
558 3073 632 3174 67,
671 3098 819 3184 eamque
847 3073 1011 3182 deinceps
1039 3098 1084 3150 ex
1141 3077 1283 3180 ponitur
1323 3100 1456 3150 summa
1496 3099 1681 3166 versuum,
1722 3071 1809 3150 infra
1851 3096 1934 3148 vero

290 3211 354 3264 suo
392 3186 604 3293 exemplari,
643 3185 739 3292 quod
777 3185 884 3264 modo
924 3210 1021 3266 extat
1048 3188 1084 3264 in
1142 3187 1177 3261 in
1207 3186 1322 3263 medio
1352 3187 1562 3265 vocabulum
1593 3209 1671 3284 prrt,
1702 3187 1736 3263 in
1767 3186 1834 3263 hoc
1856 3186 1934 3262 linis

290 3298 503 3378 bibliotheca
533 3299 776 3407 propagandae
805 3299 908 3390 fidei,
946 3300 1085 3408 repetiit
1144 3324 1261 3378 textus
1289 3300 1324 3376 in
1368 3300 1483 3377 medio
1521 3325 1638 3392 extat,
1681 3300 1767 3378 infra
1797 3326 1933 3378 summa

291 3411 442 3491 Poehius
482 3417 556 3491 Del
595 3419 802 3490 Pentateuco
841 3440 1011 3512 stampato
1051 3422 1086 3489 r'rt
1143 3440 1329 3503 versuum,
1349 3415 1540 3522 paulloque
1568 3413 1655 3492 infra
1685 3413 1767 3492 hinc
1789 3411 1869 3490 inde
1891 3411 1935 3488 ad

257 3533 424 3632 ,Naprlt'
454 3551 488 3631 p.
523 3551 592 3626 17.
621 3525 690 3605 Sed
709 3553 814 3606 nemo
831 3552 988 3606 nostrum
1007 3525 1087 3604 ani·
1143 3526 1280 3605 initium
1310 3555 1349 3605 ac
1377 3529 1482 3605 finem
1513 3528 1622 3605 lineae
1652 3526 1733 3604 bina
1763 3525 1935 3605 voeabula

293 3638 506 3727 madvertit,
536 3663 575 3716 ut
597 3666 660 3717 nec
689 3643 920 3718 Keonicottus
940 3641 985 3719 ad
1006 3639 1083 3718 cod.
1144 3663 1256 3737 premnt
1284 3664 1364 3738 pm.
1392 3647 1431 3718 In
1460 3639 1696 3720 Pentateucho
1733 3667 1836 3740 1492
1866 3649 1937 3748 po-

295 3756 376 3849 264
404 3757 460 3845 Α,
493 3779 564 3858 quo
592 3777 705 3831 nostra
724 3754 810 3831 haec
839 3755 994 3832 innuitur
1012 3753 1086 3831 edi·
1144 3779 1270 3832 strema
1307 3755 1573 3834 Deuteronomii
1620 3754 1743 3864 pagina
1781 3757 1938 3832 continet

290 3868 362 3955 tio,
390 3863 484 3942 diem
514 3891 570 3942 xv
608 3866 741 3945 chislev
771 3867 922 3944 incidere
951 3867 986 3942 in
1025 3868 1088 3944 ini·
1144 3865 1266 3946 decern
1294 3868 1419 3959 lineas,
1450 3869 1485 3946 in
1515 3895 1633 3948 nostro
1662 3867 1864 3957 sexdecim,
1885 3891 1937 3944 at·

292 3980 381 4056 tium
409 3979 604 4056 decembris
632 3981 712 4056 anni
741 3979 917 4057 christiani
960 4007 1087 4086 1493,
1143 4007 1213 4086 que
1242 3981 1285 4058 ad
1314 3981 1443 4058 calcem
1473 3981 1566 4059 Ruth
1596 3980 1830 4058 extatinhoc
1859 4003 1936 4076 pm,

290 4119 361 4170 non
392 4095 427 4169 in
477 4117 608 4192 1494,
652 4093 713 4198 qui
741 4091 857 4169 adhuc
903 4119 972 4169 non
1012 4119 1087 4172 erat
1142 4093 1239 4200 quod
1277 4095 1312 4169 in
1354 4094 1459 4202 priori
1497 4093 1730 4172 desideratur.
1773 4093 1939 4172 Similiter

290 4207 493 4314 incoeptus.
533 4207 630 4282 Prior
657 4232 740 4316 ergo
780 4233 890 4284 annus
929 4233 993 4316 pro
1022 4233 1086 4316 pn·
1142 4205 1187 4282 ad
1216 4207 1345 4284 calcem
1376 4206 1523 4284 Koeleth
1552 4233 1613 4284 seu
1642 4205 1854 4282 Ecclesiastis
1878 4231 1940 4282 ex·

292 4319 428 4399 steriori
458 4320 493 4396 in
524 4319 687 4398 omnibus
714 4320 964 4399 restituendos.
1144 4319 1243 4397 hibet
1281 4318 1340 4397 ille
1378 4345 1578 4398 consuetam
1607 4320 1775 4397 librorum
1814 4318 1938 4428 siglam

369 4433 527 4512 Notanda
558 4458 638 4510 sunt
667 4459 781 4510 autem
811 4458 941 4513 attente
970 4432 1088 4511 discri·
1145 4435 1241 4544 typis
1269 4433 1444 4541 quadratis
1470 4461 1506 4512 et
1534 4435 1570 4510 111
1586 4437 1841 4510 continuatione
1862 4459 1940 4508 ver·

292 4549 409 4637 mina,
436 4575 525 4654 quae
546 4545 762 4624 intercedunt
784 4545 873 4624 inter
890 4551 984 4626 hunc
1004 4554 1091 4625 Pen·
1146 4573 1229 4638 sus,
1254 4547 1316 4655 qui
1345 4573 1390 4624 err
1420 4548 1510 4625 libro
1538 4548 1626 4624 solet
1650 4545 1782 4654 repeti,
1804 4547 1861 4622 hic
1885 4570 1941 4654 ty·
2004 4637 2020 4660 l

291 4659 499 4740 tateuchum
530 4685 565 4737 11
595 4661 694 4737 1111101
722 4659 806 4738 11101
835 4663 915 4737 10111
961 4689 1089 4758 1491,
1145 4660 1201 4768 pis
1237 4660 1422 4738 rabbinicis
1459 4687 1494 4738 et
1522 4661 1558 4738 in
1599 4658 1738 4753 medio,
1775 4659 1940 4766 idemque

288 4799 329 4852 et
371 4776 596 4884 integrorum
626 4773 818 4852 Bibliorum
859 4801 914 4850 an.
963 4803 1089 4877 1494.
1146 4797 1313 4881 typorum
1340 4775 1523 4852 discrimen
1554 4775 1679 4850 sistunt
1716 4773 1810 4851 tituli
1840 4776 1943 4880 Aph-

295 4888 398 4966 Adeo
427 4889 522 4964 euim
563 4887 691 4964 similes
719 4911 799 4964 sunt
840 4889 928 4964 inter
957 4915 991 4966 se
1021 4912 1089 4966 tres
1146 4888 1262 4964 taroth
1293 4888 1458 4996 praeliari.
1498 4889 1662 4966 Dissentio
1691 4889 1793 4964 etiam
1823 4886 1943 4963 inrer-

296 5001 523 5080 Pentateuchi
552 5001 746 5080 Brixienses
774 5005 973 5080 aGersone
1001 5008 1099 5080 Son·
1147 4999 1256 5092 dum,
1284 5026 1323 5079 ut
1353 5029 1398 5079 ex
1430 5029 1544 5079 nostra
1574 4999 1757 5080 collatione
1788 5025 1942 5093 constat,

293 5115 409 5192 cinare
438 5114 522 5193 editi
552 5114 684 5204 forma,
712 5112 930 5204 charactere,
958 5116 1090 5204 ritulis,
1149 5115 1327 5221 utriusque
1371 5138 1488 5194 textus
1532 5139 1566 5192 et
1611 5113 1772 5190 editionis
1817 5114 1944 5190 lectio.

295 5225 467 5305 linearum
496 5227 807 5322 numerosinitio,
828 5230 1092 5317 terminatione,
1148 5231 1284 5305 Praeter
1335 5229 1513 5336 exemplar
1555 5225 1798 5336 Propagandae
1838 5227 1946 5314 fidei,

295 5341 434 5447 spatiis,
463 5340 685 5428 custodibus,
714 5343 798 5418 ursi
820 5341 1008 5450 epigraphe
1028 5367 1092 5416 ca-
1149 5342 1233 5416 olim
1262 5340 1478 5418 Pochianum
1507 5368 1526 5417 a
1556 5340 1712 5416 Fabricio
1746 5366 1786 5416 ac
1815 5341 1944 5414 Kenni·

296 5475 371 5529 reat
398 5452 578 5561 exemplar
601 5455 657 5530 vel
680 5453 793 5530 solum
816 5453 1091 5533 Pentateuchum
1150 5478 1249 5529 cotto
1278 5479 1530 5542 memoratum,
1550 5453 1629 5529 bina
1657 5453 1721 5529 alia
1739 5453 1841 5555 hujus
1858 5458 1945 5527 Pen-

299 5565 498 5660 contineat,
526 5564 687 5644 facillime
708 5565 983 5660 confundantur,
1011 5569 1095 5645 siut·
1152 5567 1303 5643 tateuchi
1333 5590 1508 5643 extremae
1537 5590 1655 5674 reapse
1678 5566 1824 5642 raritatis
1850 5565 1944 5676 apud

1662 5707 1697 5766 13
