5222 7090
669 634 711 708 t8
971 638 975 646 '
1068 633 1433 710 ANNALES
1481 634 1670 707 HEBe
1676 633 1833 706 TYP.

659 835 707 886 tat
738 799 880 915 detque
905 833 1028 916 gentes
1053 807 1295 884 haereditatem
1324 832 1442 893 suam,
1500 805 1743 914 terpretatione
1771 803 1815 881 de
1844 804 1920 881 filiis
1948 805 2090 920 anltet,
2110 832 2187 912 post
2208 833 2288 884 ver·

659 923 729 998 hoc
759 948 827 996 nou
866 946 942 1010 est,
982 923 1060 1027 quia
1090 921 1117 996 is
1145 945 1185 997 ut
1223 919 1330 997 bomo
1373 945 1441 994 non
1499 918 1543 995 ba
1566 917 1623 994 illa
1650 915 1887 996 Gorionidis
1873 929 1939 1014 tpsr'
1957 945 2034 994 sunt
2057 925 2251 994 Etruriae
2237 948 2292 996 ιιι·

660 1035 780 1111 habuit
808 1035 917 1110 ullum
947 1059 1091 1140 regnum
1119 1058 1153 1109 et
1183 1035 1294 1109 ullum
1320 1030 1443 1108 domi·
1498 1037 1589 1107 colae
1618 1031 1672 1106 vel
1701 1029 1797 1117 itali,
1816 1030 1980 1106 subditur
2007 1029 2207 1107 christianae
2226 1031 2292 1112 hos

660 1149 757 1224 nium
777 1174 879 1252 supet
900 1146 1049 1252 aliquam
1068 1170 1230 1254 gentem,
1246 1144 1444 1274 'siquesub-
1498 1169 1571 1220 esse
1598 1144 1783 1252 religionis
1822 1141 1997 1234 cultores,
2032 1167 2068 1218 et
2097 1143 2283 1221 memorari

656 1260 741 1336 dant
770 1253 863 1366 qnod
894 1257 939 1334 de
967 1261 1036 1336 fide
1065 1261 1200 1335 locutus
1227 1262 1294 1346 sit,
1324 1256 1444 1332 videli·
1499 1257 1659 1332 Mescech
1701 1279 1840 1387 propter
1877 1283 2022 1363 regnum
2061 1253 2202 1346 Edom,
2244 1282 2288 1332 eo

657 1399 714 1450 cet
724 1372 837 1484 quod
866 1375 1057 1478 suscepturi
1087 1371 1202 1448 essetis
1231 1369 1385 1446 fidem
1357 1395 1445 1474 epus,
1499 1367 1593 1497 quod
1624 1372 1779 1445 Roma
1752 1394 1795 1444 stt
1817 1371 1975 1444 Etruriae
1999 1366 2053 1443 vel
2076 1369 2192 1445 Italiae
2212 1395 2292 1446 tnu-

656 1513 700 1561 en
732 1491 837 1588 major
868 1487 989 1561 mundi
1020 1511 1096 1590 pars
1127 1485 1214 1558 inter
1242 1482 1387 1566 ludaeos
1409 1505 1444 1555 et
1501 1482 1635 1556 nimen.
1664 1481 1825 1582 Quaem
1847 1481 2066 1586 Neapolitana
2094 1480 2288 1558 desideran-

657 1605 789 1675 Tutcas
820 1598 912 1674 illius
951 1597 1148 1704 religionem
1179 1623 1248 1671 non
1277 1595 1447 1700 suscepit.
1503 1617 1580 1683 tut,
1617 1598 1750 1702 inqua
1791 1595 1959 1699 proltinde
1989 1620 2057 1670 non
2087 1592 2160 1672 duo
2189 1595 2285 1670 deiu-

656 1717 746 1787 Ecce
775 1713 879 1788 docui
909 1734 943 1784 te
970 1710 1115 1816 quid
1085 1737 1135 1785 ets
1162 1708 1367 1816 respondeas
1387 1734 1441 1782 su
1503 1731 1584 1814 ceps
1613 1735 1741 1816 tegna,
1784 1707 1843 1784 sed
1888 1733 1989 1815 regna
2021 1707 2208 1784 universim
2235 1706 2288 1781 di-

657 1851 719 1930 per
748 1825 814 1900 hoe
848 1823 1007 1900 Psalmo.
1031 1825 1087 1899 Τιι
1129 1849 1210 1900 reto
1240 1849 1302 1929 pto
1329 1824 1445 1897 scien·
1499 1846 1624 1898 cuntur
1664 1848 1684 1896 a
1724 1818 1908 1896 Davide
1899 1823 2018 1909 tonui,
2057 1819 2122 1896 sub
2160 1820 2291 1926 quibus

657 1939 706 2012 tia
736 1964 792 2013 tua
831 1935 936 2012 addes
973 1934 1162 2012 secundum
1202 1934 1307 2010 haec.
1336 1930 1442 2033 Quod
1499 1937 1629 2041 capttvt
1621 1933 2054 2010 Udetinenturtsraelitae
2083 1935 2135 2006 Ex
2155 1955 2286 2008 tercen-

656 2049 686 2124 si
724 2049 972 2156 postulaverint
1011 2073 1114 2124 exte
1143 2051 1230 2152 ejus
1251 2047 1442 2152 expositio-
1500 2045 1542 2122 tis
1569 2046 1848 2154 exemplaribus,
1876 2071 1965 2152 quae
1992 2069 2125 2122 constat
2146 2047 2286 2152 exepi-

657 2187 764 2249 nem,
802 2185 840 2237 tu
880 2186 1035 2268 expones
1074 2185 1155 2238 eum
1194 2161 1359 2236 alterutro
1397 2183 1442 2234 ex
1499 2159 1630 2266 graphe
1659 2159 1764 2237 fuisse
1794 2183 1919 2235 excusa
1960 2156 2062 2286 hujus
2101 2155 2285 2246 editionis,

656 2272 796 2349 duobus
824 2273 937 2349 modis
972 2297 1076 2381 prout
1112 2271 1276 2364 libuerit,
1316 2269 1372 2348 vel
1399 2269 1444 2350 de
1500 2297 1561 2348 sex
1598 2271 1730 2349 diversa
1772 2271 1892 2348 studiis
1935 2271 2058 2347 nostris
2093 2271 2289 2347 etenebris

656 2385 809 2471 Davide,
832 2388 894 2463 vel
922 2384 967 2461 de
997 2387 1143 2466 nessia,
1169 2411 1208 2464 ut
1236 2411 1303 2491 ego
1330 2409 1447 2488 expo·
1504 2385 1679 2461 eruimus.
1708 2391 1842 2462 Praeter
1862 2384 1955 2460 binas
1981 2385 2064 2461 sacri
2083 2407 2197 2461 textus
2218 2384 2290 2460 col·

655 2500 708 2574 sui
738 2498 799 2574 tibi
827 2550 873 2589 „.
903 2503 996 2575 Haec
1025 2522 1112 2603 quae
1137 2499 1254 2604 paullo
1276 2497 1372 2590 aliter
1394 2495 1442 2571 le·
1499 2496 1665 2586 lationes,
1703 2497 2005 2572 Kenuieottianam
2043 2522 2083 2571 ac
2112 2523 2333 2584 nostram,

656 2636 787 2718 guntur
815 2611 916 2688 etiam
958 2611 993 2686 in
1030 2609 1182 2686 editione
1219 2611 1443 2716 Neapolitana
1500 2614 1635 2688 tertiam
1677 2609 1777 2742 hujus
1824 2610 1975 2686 Psalterii
2016 2634 2059 2684 ex
2099 2612 2286 2717 exemplati

557 2808 559 2816 ,
654 2749 709 2799 an.
750 2727 911 2823 1487,
903 2751 935 2801 tn
967 2721 1443 2800 recentioribuseditiouibus
1498 2723 1594 2844 quod
1623 2749 1684 2798 nos
1712 2730 1785 2824 ejus
1815 2725 1902 2798 votis
1929 2723 2179 2810 concessimus,
2209 2721 2288 2798 edi-

633 2847 725 2912 ιιοιι
755 2859 898 2926 extant,
925 2839 960 2913 iu
1002 2862 1150 2942 quarum
1180 2835 1368 2922 nonnullis,
1404 2858 1443 2910 ut
1498 2835 1571 2911 dit
1579 2837 1621 2913 cl.
1650 2835 1890 2944 Tycltsenius,
1919 2837 2031 2912 euiet
2052 2835 2281 2942 germanicam

654 2952 689 3026 in
720 2956 850 3026 Veneta
880 2977 936 3025 an.
969 2953 1096 3046 1566,
1116 2973 1265 3025 resecata
1287 2972 1443 3053 estquo-
1496 2953 1572 3050 ejus
1601 2951 1832 3025 recensionem
1874 2949 2045 3054 praemisit
2082 2950 2116 3028 in
2157 2953 2286 3054 Repet-

652 3088 722 3167 que
753 3064 826 3167 ipsa
857 3062 1038 3138 Kimcltii
1030 3062 1266 3167 tnterptetatio
1286 3059 1380 3138 vocis
1402 3081 1441 3138 Ὃ
1497 3063 1587 3136 ιοιῐο
1616 3060 1745 3138 biblico
1765 3087 1801 3138 et
1823 3062 1943 3192 oriept.
1963 3085 2048 3136 tom.
2076 3083 2267 3166 vp.3134
2280 3111 2290 3134 .

652 3181 693 3250 dc
726 3181 826 3270 filio,
864 3200 955 3280 quae
983 3175 1259 3251 Christianorum
1303 3197 1439 3249 caussae
1496 3173 1565 3250 Sed
1606 3201 1716 3279 quum
1755 3173 1887 3250 haec
1878 3199 1912 3249 tn
1941 3172 2147 3280 quibusdam
2176 3201 2195 3250 a
2223 3200 2284 3250 no·

652 3287 843 3416 plurimum
885 3287 1043 3392 prodest.
1088 3287 1198 3362 Multa
1238 3285 1302 3362 alia
1331 3310 1440 3391 eaque
1495 3311 1563 3362 stra
1593 3287 1767 3364 dissentiat
1795 3287 1844 3364 ob
1872 3312 1980 3362 errata
2009 3285 2174 3362 nonnulla
2196 3312 2284 3393 quae

653 3401 797 3505 insignia
827 3397 928 3526 hujus
969 3399 1214 3474 Contmentatii
1250 3399 1326 3474 loca
1354 3397 1440 3474 anti·
1494 3399 1750 3476 doctissimo
1718 3399 2038 3490 vttoexeidetunt,
2059 3425 2184 3505 operae
2207 3425 2285 3506 pte·

651 3511 898 3587 christianam
936 3511 1110 3587 hodiernis
1138 3510 1346 3588 editionibus
1373 3509 1440 3585 de-
1496 3513 1584 3587 tium
1613 3513 1771 3589 ducimus
1798 3537 1837 3588 ea
1866 3511 2159 3588 animadvertere.
2189 3513 2283 3588 Folia

654 3646 757 3714 sunt,
784 3649 873 3728 quae
911 3623 948 3699 in
987 3647 1100 3700 nostra
1138 3649 1177 3698 ac
1216 3623 1440 3729 Neapolitana
1495 3625 1675 3716 editionis,
1704 3625 1794 3701 bis
1785 3651 1819 3699 tn
1842 3624 2284 3732 binisintegettimistneis

652 3736 783 3842 integra
813 3735 1005 3825 habentur,
1043 3761 1079 3811 ut
1110 3735 1267 3841 primitus
1295 3763 1314 3812 a
1342 3740 1439 3812 Kim·
1494 3739 1663 3845 exemplis
1706 3737 1887 3846 diligenter
1928 3761 2155 3828 enumerata,
2206 3759 2287 3814 sunt

651 3847 733 3922 οΙιίο
763 3849 955 3955 conscripta
985 3874 1085 3926 sunt.
1108 3848 1439 3954 Cousttlatutpotis·
1501 3875 1601 3951 153,
1642 3877 1710 3926 nou
1757 3877 1853 3950 149,
1892 3874 1930 3926 ut
1967 3877 2011 3926 ex
2051 3849 2176 3924 mutilo
2222 3876 2284 3928 suo

651 3964 776 4036 situum
804 3961 888 4044 Psal.
918 3985 973 4038 vtt
1006 3963 1051 4050 8,
1080 3985 1150 4040 xtrt
1188 3987 1259 4051 to,
1290 3987 1360 4038 xxt
1395 3989 1437 4052 1,
1492 3963 1719 4093 exemplari
1710 3991 1737 4039 ts
1775 3987 1892 4050 notat,
1929 3961 2049 4040 desunt
2089 3963 2282 4070 signatutae

652 4097 737 4150 xxti
771 4099 840 4171 32,
866 4098 973 4153 uxxtt
1006 4101 1077 4162 20,
1113 4098 1277 4150 txxxvtt
1311 4101 1357 4173 7,
1385 4099 1436 4154 cx
1493 4076 1528 4152 iu
1558 4077 1676 4182 primis
1706 4077 1757 4173 67
1788 4075 1898 4162 foliis,
1927 4101 1998 4152 nou
2029 4076 2105 4166 66,
2133 4100 2167 4150 et
2198 4077 2283 4153 inci·

652 4213 698 4286 7,
730 4186 764 4260 in
793 4213 942 4291 quornm
961 4186 1133 4266 nonnullts
1152 4212 1263 4262 nostra
1286 4212 1336 4263 est
1352 4193 1436 4263 Nea
1492 4189 1593 4320 piunt
1624 4187 1681 4264 lol.
1709 4191 1784 4278 68,
1821 4211 1891 4264 non
1923 4191 1999 4287 67,
2038 4186 2168 4264 vocalia
2200 4211 2284 4264 tex-

650 4299 853 4406 politana
844 4325 916 4405 tpsa
957 4300 1074 4406 paullo
1114 4300 1248 4406 plenior
1277 4326 1312 4375 et
1339 4325 1436 4404 aper·
1491 4307 1542 4378 tui
1569 4300 1729 4408 apposita
1759 4328 1866 4406 usque
1895 4300 1938 4375 ad
1962 4299 2048 4376 Psal
2078 4323 2118 4374 tv
2142 4331 2188 4396 4,
2211 4329 2280 4378 non

650 4413 734 4488 tior.
764 4411 821 4487 Sic
849 4415 934 4488 Psal.
959 4437 1029 4490 xtx
1066 4438 1134 4497 ιο,
1159 4413 1220 4488 ubi
1241 4413 1435 4517 Neapolita·
1493 4441 1538 4500 2,
1580 4415 1616 4490 in
1659 4415 1838 4519 postremis
1874 4413 2033 4490 versibus
2084 4414 2283 4542 rythmicae

650 4549 694 4598 na
734 4524 814 4631 legit
843 4547 997 4601 mntem
1024 4545 1116 4605 'tnta
1143 4523 1197 4602 nit
1224 4549 1256 4598 et
1284 4552 1349 4598 nott
1378 4553 1434 4599 sc·
1489 4525 1685 4632 epigraphis
1714 4525 1838 4630 legitur
1868 4547 1938 4604 bat*
1966 4547 2176 4620 2„non32
2195 4528 2279 4603 item

650 4641 795 4710 cundum
819 4643 1049 4712 variatarum
1077 4648 1135 4734 qui
1163 4643 1433 4719 dicunr,nostra
1489 4663 1544 4716 n
1545 4637 1644 4734 pit
1635 4665 1668 4714 tn
1699 4639 1819 4730 Piltel,
1840 4664 1908 4712 non
1931 4637 2052 4734 1:an
2053 4661 2064 4710 t
2086 4638 2119 4712 in
2141 4640 2280 4746 Hipltil,

650 4746 754 4823 ltabet
775 4751 1086 4862 apertiusesnsnn
1113 4769 1246 4828 noant
1269 4769 1359 4828 ’tato
1383 4749 1434 4826 ult
1489 4777 1527 4828 ιιι
1557 4777 1721 4827 excusum
1750 4778 1800 4828 est
1830 4755 1863 4826 iu
1900 4776 2030 4857 ectypo
2052 4753 2281 4856 Tycltsenia-

647 4886 681 4935 ιι
711 4889 776 4935 ιιοιι
804 4867 983 4936 secundom
1010 4867 1315 4960 verbanegantt'um
1339 4868 1433 4938 Citri-
1491 4891 1558 4952 no,
1599 4865 1634 4938 in
1672 4889 1744 4970 quo
1784 4890 1819 4940 et
1861 4865 1894 4938 in
1923 4889 2073 4968 quatuor
2105 4867 2278 4943 vocabulis

649 4983 848 5050 stianorum.
888 4974 1094 5080 Exemplum
1124 4974 1218 5050 altud
1248 4973 1353 5050 habes
1381 4975 1433 5051 lu·
1488 4974 1565 5054 mitt
1613 4975 1664 5059 *aa
1703 4975 1779 5052 nbat
1819 4999 1893 5056 ms
1941 4977 2031 5053 male
2067 4977 2279 5055 omittuntur

648 5085 920 5161 eulentissimum
962 5086 1005 5161 ad
1043 5085 1129 5162 Psal.
1169 5107 1249 5163 cxx
1287 5113 1331 5184 5,
1372 5089 1432 5165 ubi
1490 5113 1616 5197 puncta
1658 5089 1949 5166 abbreviationis
1985 5097 2062 5166 Nec
2103 5115 2195 5167 reete
2241 5093 2277 5169 in

649 5225 718 5274 ιιοιι
748 5199 900 5274 modo
891 5225 1019 5306 integra
1048 5224 1142 5275 extat
1171 5205 1204 5276 in
1235 5199 1340 5274 ltae
1331 5227 1433 5277 mter·
1487 5203 1670 5304 agnomine
1698 5223 1805 5280 natm
1845 5228 1882 5280 ut
1909 5201 2092 5279 abolem-⁸
2083 5231 2116 5279 m
2146 5228 2190 5278 eo
2219 5231 2277 5282 te·

649 5313 797 5420 pretatio
827 5313 984 5389 Mescech
1012 5311 1058 5389 de
1079 5312 1189 5391 Cedat
1211 5314 1360 5418 quaein
1383 5315 1433 5390 al·
1487 5339 1720 5422 praesentatur
1732 5342 1899 5421 punctum
1919 5317 2058 5392 secundi
2077 5343 2157 5398 vau
2180 5315 2277 5422 quod

650 5448 720 5516 tera
750 5423 804 5503 illa
835 5418 1026 5518 omittitur,
1045 5426 1105 5504 sed
1122 5453 1160 5505 et
1181 5427 1359 5538 proposita
1379 5429 1431 5504 iu·
1485 5432 1520 5504 iu
1548 5429 1699 5506 editione
1728 5435 1835 5539 tnagis
1862 5427 2062 5520 divellitur,
2082 5453 2118 5506 et
2139 5453 2218 5523 est,
2237 5454 2284 5508 ut
