5146 7094
1438 426 1468 465 Χ

647 655 721 708 102
1096 627 1471 708 annates
1530 627 1883 702 [ιιι-,ιιι

640 835 696 888 tur
733 808 766 885 iu
796 801 940 917 epistola
981 802 1024 884 ad
1054 807 1195 884 Sardum
1225 833 1304 915 pag.
1337 809 1437 894 216,
1493 807 1616 882 Estorii
1642 833 1723 882 vero
1754 815 1993 902 ιιηιιιιιιιιιιςιη
2023 805 2132 883 mnus
2163 808 2287 906 ι498.

641 950 678 1001 ut
712 950 829 1032 parem
858 921 964 998 ferme
1010 920 1204 1030 gloriam
1196 946 1230 996 ιιι
1260 919 1437 997 hebraico-
1493 925 1563 997 Nec
1587 913 1823 997 dubitandum
1854 944 1929 1004 est,
1963 919 2046 1026 quin
2075 919 2199 996 eodem
2232 947 2285 1030 ry·

643 1065 721 1115 rum
751 1035 912 1112 codicum
956 1032 1191 1144 typographia
1234 1033 1370 1112 Brixiae
1398 1059 1434 1112 er
1494 1034 1708 1142 pograpbico
1749 1033 1833 1110 sitio
1871 1031 1961 1108 bis
1953 1059 1986 1107 tn
2017 1034 2191 1110 Eichornii
2222 1039 2287 1110 ln-

641 1150 844 1228 Mediolano
892 1146 1012 1226 deberi
1052 1147 1230 1224 ostendat.
1279 1153 1318 1224 ln
1361 1152 1432 1254 ejus
1491 1147 1707 1226 troducrioue
1748 1147 1858 1224 editio
1888 1146 1976 1222 haec
2000 1145 2045 1222 ad
2074 1175 2132 1224 art.
2179 1171 2281 1247 1495

639 1263 781 1343 laudem
810 1261 1015 1371 singularem
1044 1287 1079 1340 er
1104 1260 1188 1339 illud
1218 1261 1338 1338 cedere
1359 1265 1434 1339 exi·
1489 1259 1718 1340 amandetur.

632 1379 757 1468 ¹stimat
801 1374 1019 1454 doctissimus
1058 1375 1134 1466 vir,
1162 1375 1257 1482 quod
1287 1402 1305 1451 a
1336 1383 1435 1486 Vog-
1536 1381 1647 1475 „lam
1679 1402 1760 1456 vero
1788 1371 1884 1481 quod
1907 1373 1950 1452 de
1979 1374 2102 1484 insigni
2132 1379 2207 1478 ejus
2227 1401 2285 1452 ra-

632 1492 690 1588 tio
719 1491 754 1568 iu
784 1490 951 1598 Catalogo
980 1489 1293 1568 historico-critico
1321 1490 1433 1566 libro·
1491 1487 1588 1566 ritate
1634 1514 1685 1568 tot
1727 1513 1882 1566 auctores
1924 1486 2076 1597 produnt
2122 1489 2281 1565 testimo-

638 1633 717 1682 rum
750 1605 915 1681 rariorum
947 1631 1023 1712 pag.
1055 1627 1106 1703 90
1138 1627 1279 1680 vocetur
1302 1607 1434 1680 rarissi-
1492 1603 1613 1692 nium,
1643 1603 1725 1684 illud
1757 1629 1928 1710 perpauca
1950 1629 2041 1709 quae
2059 1625 2206 1680 aetatem
2228 1603 2283 1678 fe-

640 1746 717 1806 nra,
748 1743 816 1824 qua
848 1744 928 1794 usus
957 1718 1040 1793 olim
1071 1717 1171 1794 fuerit
1199 1715 1408 1794 Lutberus'
1398 1746 1432 1796 ιιι
1490 1742 1598 1808 runt,
1646 1717 1805 1824 exetnpla
1862 1716 2096 1794 confirmant.
2147 1721 2282 1792 Horum

639 1830 853 1909 conficienda
893 1831 1048 1910 versione
1078 1831 1291 1940 germanica,
1321 1831 1433 1938 quod·
1490 1857 1597 1908 unum
1627 1833 1774 1909 Beroliui
1821 1855 1973 1908 senatur
2002 1831 2037 1908 in
2068 1829 2279 1907 bibliotheca

524 1951 536 1964 ⁸
641 1973 708 2052 que
740 1945 977 2021 brixianum
969 1973 1082 2051 rpsum
1114 1944 1322 2052 exemplar
1313 1974 1347 2020 m
1370 1951 1431 2021 Be·
1489 1947 1602 2050 regia,
1623 1969 1743 2052 estque
1765 1945 1881 2022 rllud
1873 1971 2008 2052 rpsum‚
2035 1972 2106 2052 quo
2128 1972 2161 2018 m
2183 1942 2282 2020 ador

640 2059 800 2135 rolinensi
832 2057 1041 2136 bibliotheca
1070 2059 1230 2166 capsulae
1261 2060 1430 2136 inclusum
1489 2057 1598 2134 nanda
1629 2060 1821 2168 germanica
1852 2085 1911 2134 sua
1944 2057 2095 2136 versione
2126 2084 2206 2133 usus
2226 2083 2279 2134 est

640 2171 802 2249 asservari
834 2196 997 2250 testetur.
1026 2172 1092 2251 Sed
1124 2170 1257 2248 nullum
1287 2179 1360 2278 eJus
1383 2174 1432 2250 vi·
1488 2172 1681 2251 Lutherus.
1712 2179 1765 2250 Ex
1795 2173 1862 2250 hoc
1891 2169 2104 2278 exemplari,
2134 2169 2178 2246 de
2206 2196 2278 2278 quo

638 2285 693 2363 dir
722 2286 926 2393 exemplar,
955 2301 995 2362 ac
1023 2313 1065 2366 ne
1096 2285 1237 2363 unicum
1267 2287 1432 2393 quidem,
1487 2286 1534 2361 ob
1563 2287 1704 2364 Lntlteri
1743 2314 1844 2364 usum
1889 2310 2098 2395 magnopere
2126 2283 2280 2392 glorian-

635 2400 734 2504 quod
786 2425 945 2493 constet,
985 2403 1194 2508 reliquarum
1237 2402 1429 2479 editionum
1487 2395 1548 2475 tur
1584 2401 1816 2479 Betolinenses
1855 2401 1973 2488 cives,
2002 2397 2169 2476 variantes
2196 2396 2280 2473 dili·

637 2515 895 2605 brixiensium,
933 2541 1021 2620 quae
1062 2516 1162 2591 simul
1201 2515 1364 2591 collectae
1393 2515 1428 2590 in
1486 2537 1606 2621 genter
1650 2515 1787 2626 collegit
1832 2513 2031 2621 publicique
2071 2513 2155 2616 juris
2199 2511 2278 2589 fecit

636 2629 762 2736 exigua
801 2626 867 2704 hae
896 2653 1007 2705 nostra
1038 2628 1214 2710 librorum
1254 2628 1430 2736 suppelle-
1486 2627 1692 2723 Sebuinus,
1721 2633 1775 2706 cui
1805 2628 1853 2705 ob
1881 2635 1999 2705 earum
2042 2626 2200 2702 notitiam
2231 2627 2279 2702 si-

635 2742 717 2819 ctile
758 2743 1000 2849 reperiuntur.
1042 2747 1113 2818 Nee
1143 2744 1231 2817 unus
1260 2743 1428 2871 Vog'tius,
1487 2739 1521 2815 bi
1554 2747 1778 2821 transmissam
1808 2741 1957 2819 multum
1986 2765 2021 2817 se
2050 2739 2175 2816 debere
2198 2767 2280 2846 pto-

637 2854 698 2932 sed
744 2853 801 2931 alii
850 2856 1074 2963 quamplures
1116 2855 1401 2967 bibliographi
1392 2884 1427 2932 ru
1484 2853 1600 2936 fitetur
1628 2859 1907 2935 Kennicottus
1900 2885 1932 2934 tu
1977 2860 2051 2930 The
2081 2881 2134 2929 terr
2158 2861 2281 2930 annual

636 2966 865 3078 praedicanda
898 2970 1026 3046 eximia
1057 2961 1160 3098 hujus
1190 2970 1349 3046 editionis
1378 2996 1429 3046 ra·
1487 2977 1662 3048 Arcountr
1692 2999 1728 3079 p.
1762 2974 1780 3045 8
1789 2996 1835 3069 5,
1864 2970 1925 3075 qni
1958 2968 2033 3045 illas
2061 2965 2188 3044 deinde
2206 2967 2277 3044 col·

634 3087 734 3160 ritate
762 3109 843 3158 etun
875 3109 917 3158 eo
954 3085 1189 3170 contenitur,
1230 3087 1290 3210 qui
1320 3081 1428 3158 afferri
1486 3082 1604 3159 lationi
1634 3110 1713 3162 suae
1744 3083 1911 3174 inseruit,
1940 3081 2110 3192 assignato
2152 3084 2275 3158 nostris

635 3197 848 3296 aQuirinio
879 3198 1091 3303 potuissent,
1119 3221 1221 3304 atque
1252 3199 1339 3272 inter
1368 3222 1428 3272 ce·
1486 3196 1603 3274 Bibliis
1632 3225 1777 3274 numero
1801 3201 1910 3295 ’.ι64
1939 3195 2276 3272 Ereodemexem-

636 3309 1033 3419 tetosHottingerusin
1057 3309 1428 3417 Bibliothecarioqua·
1463 3311 1570 3416 .plari
1600 3309 1718 3388 hausta
1748 3337 1820 3403 est,
1860 3338 1895 3388 ut
1926 3309 2102 3401 diximus,
2131 3310 2273 3412 Masrhii
2323 3323 2329 3334 ”

635 3422 816 3530 dripartito
836 3449 915 3533 pag.
948 3446 1047 3520 125,
1077 3425 1217 3530 Opiritts
1246 3422 1353 3530 prael.
1382 3421 1426 3497 ad
1483 3422 1687 3530 descripti0.
1727 3424 1829 3503 Aliud
1862 3425 2039 3530 exemplar
2065 3423 2205 3499 extabat
2236 3425 2272 3498 in

637 3533 746 3612 Biblia
775 3535 855 3612 heb.
885 3563 964 3644 pag.
1007 3561 1054 3626 2,
1088 3537 1233 3612 Wolfius
1263 3536 1427 3613 Biblioth.
1483 3535 1692 3615 bibliotheca
1722 3537 1847 3615 Esdrae
1890 3536 2062 3625 Edzardi,
2091 3540 2187 3640 cujus
2213 3564 2274 3612 co-

546 3683 549 3691 ·
636 3645 717 3724 heb.
747 3673 833 3724 tom.
863 3674 889 3725 rr
920 3677 953 3756 ιι.
990 3653 1087 3750 365,
1116 3650 1362 3726 Schelhornius
1391 3653 1425 3725 in
1484 3650 1579 3756 piam
1607 3651 1671 3728 sihi
1710 3679 1842 3759 suoque
1882 3653 1954 3727 filio
1992 3676 2073 3728 natu
2104 3650 2273 3754 majoria

635 3761 911 3839 amoenitatibus
952 3761 1144 3854 litterariis,
1183 3764 1354 3840 Lessetius
1390 3765 1423 3838 in
1482 3788 1674 3869 possessore
1705 3767 1779 3875 ipso
1819 3765 2005 3843 liberaliter
2046 3763 2149 3855 fuisse
2187 3769 2280 3839 con-'

637 3875 887 3984 Typographia
917 3875 1083 3978 jubilante
1113 3903 1189 3985 pag.
1214 3904 1287 3976 77,
1317 3881 1426 3953 Geor·
1483 3903 1611 3954 cessam
1655 3905 1767 3956 narrat
1797 3882 1962 3986 Opirius,
2004 3904 2039 3955 er
2069 3878 2277 3984 ipsissimum

632 3989 710 4098 glus
740 3989 892 4066 Euodus
928 3991 961 4064 iu
992 4001 1229 4087 llnrnrrlunnrn
1260 3997 1339 4076 ubre
1371 4009 1427 4074 bas
1484 4014 1558 4082 est,
1587 3992 1679 4096 quod
1711 3996 1743 4069 in
1775 3992 1982 4070 bibliotheca
2014 3989 2154 4099 Georgii
2184 3990 2276 4067 Elic-

628 4114 841 4189 ¹&tracturum
867 4109 1009 4207 diethart
1033 4116 1114 4207 recht
1137 4131 1169 4210 p.
1209 4133 1275 4202 ι4,
1311 4105 1426 4180 David
1485 4109 1566 4184 seris
1596 4105 1742 4183 Edzardi
1779 4108 1941 4214 deinceps
1983 4106 2070 4184 vidit
2104 4105 2275 4182 Wolfius.

635 4218 796 4294 Clemens
826 4219 1065 4316 Bibliotheque
1088 4228 1231 4296 curiense
1249 4229 1305 4296 des
1328 4228 1426 4294 lieres
1460 4220 1559 4309 ,Fuit
1590 4243 1624 4295 er
1655 4221 1687 4294 in
1719 4220 1927 4298 bibliotheca
1956 4219 2202 4328 Harenbergii,
2226 4219 2276 4295 uti

633 4359 718 4408 taret
749 4331 1196 4436 t0¹ss·1Vp·26250111¹lz
1226 4339 1337 4416 litltr'l
1360 4358 1424 4408 etc.
1482 4356 1528 4406 ex
1557 4337 1630 4437 ejus
1659 4335 1916 4412 Commentario
1945 4335 1978 4411 in
2009 4335 2187 4411 Danielem
2210 4358 2270 4407 uo·

631 4471 668 4553 ιι.
706 4471 774 4544 13,
819 4445 995 4520 Masehhs
1033 4443 1196 4518 Biblioth.
1232 4471 1316 4520 tom.
1345 4450 1361 4519 l
1392 4473 1426 4550 p.
1482 4468 1531 4520 tar
1561 4471 1595 4522 er
1624 4447 1753 4555 colligit
1784 4449 1979 4535 Maschius,
2007 4472 2109 4554 atque
2131 4449 2172 4524 ad
2203 4449 2276 4521 Bri·

635 4583 686 4656 9,
715 4585 753 4633 ac
775 4556 986 4633 Bibliotheca
1008 4555 1070 4630 lib.
1091 4583 1154 4632 tar.
1175 4560 1320 4634 univers
1343 4583 1425 4634 tom.
1482 4559 1635 4636 triensem
1665 4585 1814 4636 nostram
1845 4560 2053 4649 editionem,
2083 4585 2199 4642 contra
2234 4585 2274 4636 ac

633 4677 716 4775 Ιιι.
746 4673 823 4798 pti,
859 4695 962 4775 quae
988 4695 1056 4744 non
1087 4669 1222 4748 dubitat
1250 4697 1424 4748 extremae
1482 4673 1693 4751 Maschius
1684 4699 1756 4780 tpse
1785 4676 1928 4768 sentiar,
1958 4675 2127 4782 pertinere
2155 4700 2276 4752 ertem-

634 4782 781 4860 raritatis
810 4809 923 4857 notatn
955 4781 1072 4858 Bibliis
1101 4785 1225 4861 nostris
1254 4785 1423 4864 tribuere.
1483 4786 1580 4892 plat,
1607 4787 1702 4894 quod
1744 4789 1864 4866 Turici
1893 4811 2048 4866 servatur
2078 4788 2112 4864 in
2143 4787 2275 4866 biblio·

633 4903 672 4973 ln
703 4896 829 4972 horum
873 4919 985 4971 tamen
1030 4917 1209 4974 auctorum
1253 4898 1426 4974 nonnullis
1482 4900 1580 4975 theca
1610 4900 1767 4976 Carolina
1809 4928 1949 5010 eratque
1979 4901 2126 4978 Conradi
2157 4901 2268 4979 Pelli-

632 5009 910 5118 typographico,
950 5035 989 5086 ιιι
1023 5010 1170 5116 opinor,
1210 5011 1336 5089 mendo
1366 5013 1425 5087 de·
1481 5013 1580 5102 cani,
1609 5041 1670 5090 nos
1698 5013 1784 5090 iufra
1814 5016 1989 5094 evidenter
2018 5014 2273 5092 demonstrabi-

634 5149 798 5232 pravatus
827 5148 878 5199 est
919 5150 1047 5199 annus.
1091 5129 1128 5198 ln
1160 5128 1287 5204 Lesseri
1317 5151 1426 5233 rypo-
1482 5155 1580 5220 mus,
1622 5128 1666 5204 de
1719 5129 1973 5207 Pisaurensibus
2018 5129 2137 5206 Bibliis
2190 5127 2272 5204 anni

515 5311 517 5316 ,
631 5238 777 5348 graphia
809 5264 873 5344 pro
895 5265 987 5315 anno
1025 5264 1127 5338 1494
1151 5239 1274 5370 legitur
1304 5265 1425 5339 1490,
1489 5266 1593 5341 1494
1633 5266 1667 5317 et
1702 5244 1932 5321 Turicensi
1923 5271 1998 5353 rpso
2037 5245 2155 5320 codice
2186 5244 2291 5318 inter'

631 5355 691 5457 qni
725 5379 815 5427 men
818 5352 908 5427 losus
929 5379 1036 5433 annus
1066 5379 1230 5461 tepetttur
1251 5382 1284 5430 tn
1308 5362 1427 5452 gouer·
1481 5382 1713 5462 supposrunas
1742 5356 1908 5433 edtuones
1945 5359 2079 5435 acturi.
2122 5363 2277 5466 integer-

642 5471 1064 5574 reprehenderentur
1092 5493 1226 5579 xrvp.
1262 5496 1365 5567 142,
1390 5467 1424 5543 in
1482 5469 1608 5546 timum
1638 5496 1701 5548 uos
1728 5495 1768 5548 ac
1791 5473 2156 5580 praestantissimum,
2186 5469 2276 5548 mul-
