5222 7090
1062 681 1430 786 Annaeus

634 705 682 776 52

631 881 776 962 eamque
807 853 1153 932 commemoravimus
1182 855 1216 929 in
1234 853 1423 932 Annalibus

628 966 1068 1076 hebraeo-typographicis
1105 967 1304 1044 Sabiouetae
1344 997 1420 1078 pag.

632 1109 713 1180 25.
741 1081 867 1190 Incipit
895 1082 979 1157 solio
1010 1106 1107 1156 verso
1136 1083 1180 1156 ab
1210 1082 1283 1188 ipso
1312 1085 1421 1172 Corn-¹

628 1195 825 1285 mentatio,
862 1192 1046 1301 praemissa
1089 1193 1193 1270 veluti
1223 1194 1312 1271 tituli
1342 1194 1419 1271 loco

628 1307 824 1408 majusculis
860 1309 1056 1413 ornatisque
1085 1305 1205 1384 litteris
1242 1306 1337 1415 ligno
1366 1307 1419 1384 in·

626 1421 768 1528 sculptis
822 1421 933 1528 prima
977 1421 1061 1496 sacri
1107 1445 1221 1496 textus
1268 1421 1419 1498 dictione

627 1555 803 1622 rnatum,
843 1535 1070 1640 conclusaque
1110 1534 1234 1641 pagina
1273 1534 1420 1643 eleganti

625 1651 779 1753 quodam
810 1673 959 1740 ornatu,
980 1649 1040 1753 qui
1064 1648 1273 1724 ramusculos
1295 1677 1334 1723 ac
1356 1651 1418 1724 llo-

627 1787 679 1836 res
711 1786 938 1870 repraesentat
977 1760 1078 1836 simul
1107 1787 1304 1851 connexos,
1332 1763 1442 1864 insta

627 1901 710 1950 vero
743 1902 887 1950 vacuum
919 1871 1109 1950 stemmatis
1138 1874 1281 1964 locum,
1308 1900 1328 1950 e
1356 1903 1417 1952 ctr-

626 1993 682 2092 jns
712 1987 875 2064 lateribus
905 1988 985 2063 binc
1014 1989 1093 2062 inde
1122 1985 1194 2062 bini
1222 1988 1333 2097 angeli
1364 2016 1419 2065 as-

624 2100 759 2177 sident.
787 2103 940 2178 Primum
971 2100 1038 2176 boc
1066 2099 1189 2176 folium
1213 2101 1415 2207 impressum

624 2213 802 2320 praecedit
832 2213 924 2290 aliud
957 2213 1099 2305 albuin,
1127 2213 1220 2320 quod
1243 2216 1284 2290 ad
1306 2217 1417 2324 signa·

624 2353 721 2404 turae
761 2327 1057 2434 complementum
1105 2327 1319 2431 requiritur.
1365 2335 1415 2405 Eo

623 2466 827 2547 computato
871 2441 1031 2517 foliorum
1071 2467 1203 2515 summa
1247 2467 1297 2517 est
1343 2451 1415 2542 87.

622 2557 770 2661 Paginae
799 2554 888 2632 binis
927 2578 1083 2630 constant
1111 2553 1304 2643 columnis,
1344 2559 1415 2662 pti-

622 2695 681 2741 ma
710 2693 878 2773 excepta,
917 2667 1087 2773 quaelibet
1128 2667 1288 2743 columna
1316 2669 1415 2745 lineis

622 2785 704 2876 46,
732 2781 879 2888 quilibet
906 2783 1083 2887 quaternio
1113 2783 1184 2856 suis
1212 2785 1414 2890 signaturis,

622 2897 737 3000 primo
767 2898 890 2972 iterum
921 2918 1088 3004 excepto,
1108 2900 1207 2998 cujus
1227 2897 1339 2996 solunt
1364 2897 1414 2972 fo·

532 3013 534 3018 ’
622 3009 707 3084 lium
757 3035 773 3110 3
826 3011 1034 3116 signaturam
1074 3007 1259 3114 eaprimit.
1304 3017 1413 3116 Saepe

621 3124 726 3199 etiam
757 3124 790 3197 in
830 3123 894 3196 hac
930 3122 1081 3198 editione
1121 3147 1319 3230 comparent
1350 3150 1414 3230 pa·

619 3236 779 3341 ginarum
806 3234 987 3312 custodes.
1031 3233 1216 3311 Clraracter
1255 3260 1304 3311 est
1334 3239 1415 3312 tab-

619 3339 755 3424 binicus
786 3350 917 3450 minor,
946 3347 1038 3424 idem
1059 3347 1158 3454 plane
1178 3349 1238 3454 qui
1258 3353 1291 3424 in
1317 3377 1414 3457 prac-

618 3461 822 3538 cedentibus
850 3463 990 3552 Soncini
1031 3461 1241 3538 editionibus
1269 3489 1318 3539 est
1347 3465 1412 3539 ad-

619 3574 777 3662 hibitus,
818 3574 877 3651 sed
909 3575 1047 3651 initialia
1088 3577 1278 3652 sectionum
1310 3579 1412 3654 verba

616 3688 784 3794 quadrato
813 3689 933 3794 majori
975 3713 1054 3765 sunt
1094 3714 1254 3778 exarata,
1283 3697 1414 3794 rnajtts-

617 3802 704 3877 culis
732 3827 851 3878 autem
896 3803 1023 3878 ornatis
1059 3829 1099 3878 ac
1139 3801 1259 3911 ligneis
1301 3807 1411 3911 prima

617 3916 789 3993 vocabula
818 3914 955 4008 Exodi,
977 3921 1227 4006 Numerornm,
1250 3945 1289 3994 ac
1319 3924 1411 3996 Deu-

617 4029 821 4105 teronomii.
866 4029 971 4130 Quod
1002 4032 1154 4106 Levitico
1185 4033 1318 4138 praefici
1347 4033 1412 4108 de-

617 4141 744 4235 bebat,
774 4142 937 4220 omissum
966 4168 1038 4232 est,
1069 4144 1187 4221 relicto
1209 4171 1315 4223 vacuo
1336 4152 1410 4251 ejus

611 4245 729 4363 'spatio
751 4281 784 4332 et
814 4256 956 4364 quidem
987 4259 1224 4364 amplissimo,
1251 4259 1352 4364 quod¹
1376 4285 1410 4336 et

616 4370 651 4445 in
682 4397 875 4447 ceterorum
905 4372 1073 4446 librorum
1103 4373 1248 4449 exordio
1277 4374 1410 4480 conspi-

616 4484 727 4558 citur.
759 4490 893 4590 Integcr
923 4508 974 4560 est
1012 4486 1126 4589 quoad
1156 4485 1406 4562 anticlaristiana

615 4594 692 4670 loca
734 4598 928 4676 Jarclriauus
966 4622 1103 4688 textus,
1141 4624 1175 4674 et
1212 4597 1277 4676 sub
1306 4601 1407 4674 finem

616 4705 702 4784 baec
729 4707 906 4816 leguntur:
938 4729 1078 4787 :nam
1103 4707 1190 4787 niati
1219 4733 1307 4786 nano
1335 4711 1408 4807 ,tio

617 4841 755 4902 antiaco
785 4845 889 4901 rann
927 4844 1028 4898 *corn
1058 4847 1182 4902 moon
1223 4821 1279 4902 mi
1308 4823 1408 4921 tpbm

612 4934 1407 5029 mmwffimffimw

613 5070 732 5128 ‚rara
759 5069 857 5132 noso
887 5069 995 5123 warte
1023 5046 1100 5141 vuit
1126 5071 1171 5125 vta
1200 5049 1275 5152 nub
1296 5107 1317 5137 „
1339 5059 1407 5126 Et-

610 5161 711 5267 plicit
741 5160 828 5237 liber
852 5164 1134 5249 Deuteronornii,
1161 5187 1195 5238 et
1214 5164 1405 5270 expliciunt

609 5301 690 5352 eum
722 5299 766 5351 eo
795 5299 821 5348 v
849 5275 926 5352 libri
958 5277 1065 5384 legis,
1093 5277 1287 5381 opitulante
1317 5285 1410 5368 Deo,

610 5387 665 5463 die
697 5413 750 5464 xv
781 5391 907 5464 mensis
935 5390 1029 5464 sivan
1060 5393 1196 5489 (ntuli)
1217 5396 1289 5465 'an
1324 5419 1402 5490 247

610 5503 752 5577 minoris
790 5504 1068 5611 supputationis.
1111 5503 1316 5582 Benedictus
1344 5505 1405 5612 qui

1490 682 1531 749 H
1553 678 1722 749 iim-T
1746 683 1777 750 Y
1799 684 1844 752 P.

1479 849 1539 928 dat
1568 849 1700 928 defesso
1731 851 1914 938 virtutem,
1943 875 1982 928 et
2010 854 2069 942 ei,
2096 854 2157 960 qui
2188 857 2273 940 viri?

1479 964 1544 1040 bus
1582 966 1799 1058 destituitur,
1839 965 1942 1041 robur
1981 965 2081 1042 addit
2111 1021 2152 1054 „.
2198 969 2274 1046 Alia

1476 1089 1571 1156 extat
1615 1081 1840 1156 Soncinatum
1888 1076 1994 1156 editio
2042 1080 2267 1160 Ariminensis

1475 1193 1616 1268 ineunte
1647 1218 1714 1270 xvr
1744 1190 1858 1270 seculo
1888 1219 2025 1284 curata,
2043 1221 2131 1299 quae
2148 1220 2182 1270 et
2206 1222 2270 1301 pe-

1478 1331 1537 1382 nes
1567 1332 1621 1382 me
1659 1331 1733 1394 est,
1771 1305 1877 1381 etde
1907 1332 1973 1409 qua
2013 1307 2156 1384 Wolfius
2187 1333 2271 1384 tom.

1477 1425 1492 1493 1
1523 1446 1597 1527 pag.
1630 1419 1731 1518 899,
1759 1418 1818 1496 sed
1848 1417 1964 1494 multis
1993 1420 2149 1497 admissis
2178 1445 2271 1496 etro·

1476 1533 1593 1619 tibus,
1631 1559 1718 1637 quos
1745 1533 1845 1620 alibi,
1882 1537 1959 1608 Deo
1991 1533 2117 1625 dante,
2145 1533 2270 1609 emen-

1475 1643 1657 1722 dabimus.

1780 1821 1961 1895 XVIII

1543 1987 1610 2060 Joi
1642 2012 1716 2059 eum
1746 1993 2058 2063 commentarioli.
2083 1993 2167 2064 Levi
2186 1995 2269 2066 Get-

1473 2105 1623 2191 sonidis,
1656 2106 1830 2178 Canticum
1859 2111 2063 2176 canticorum
2097 2129 2129 2174 et
2152 2109 2269 2178 Eccle-

1473 2220 1594 2286 tittstes
1624 2240 1699 2286 crem
1730 2221 1972 2290 Commentario
2001 2220 2048 2290 R.
2078 2221 2269 2294 Salomonis

1473 2327 1614 2410 lambi,
1649 2329 1773 2400 Tirmi
1810 2355 1884 2400 crem
1914 2333 2095 2406 Commeat.
2125 2335 2171 2404 ii.
2203 2335 2267 2406 Jo-

1470 2441 1566 2531 seplrt'
1602 2445 1741 2525 Isarae,
1772 2443 1898 2530 Ruti,
1927 2446 2051 2518 Enim
2065 2493 2078 2529 ,
2110 2448 2269 2532 Daniel,

1471 2555 1625 2639 Esdtut,
1655 2557 1835 2628 Neltemicts
1850 2605 1862 2640 ,
1906 2561 2162 2650 Paralipomerta
2192 2585 2268 2630 erem

1472 2669 1653 2739 Commeat.
1681 2671 1825 2763 ejusdem
1869 2671 1997 2742 larciii
2025 2679 2058 2743 in
2091 2673 2157 2765 fiai.
2186 2680 2267 2746 min.

1470 2782 1525 2850 mi
1554 2805 1590 2871 4.
1620 2788 1698 2871 maj.
1728 2784 1875 2875 Neapoli
1902 2810 1957 2854 aa.
1998 2801 2161 2856 certatur
2187 2810 2266 2858 sex·

1470 2899 1499 2963 ti
1525 2897 1724 2978 millenarii,
1755 2899 1878 2968 coristi
1906 2914 2235 2970 mccccrxrrrrvrr.

1549 3009 1620 3083 Iam
1651 3004 1908 3082 observavimus
1929 3007 1963 3081 in
1995 3007 2204 3114 Appendice·
2218 3008 2264 3084 ad

1471 3115 1718 3194 Bibliothecam
1740 3146 1870 3194 sacram
1893 3119 1923 3196 le
1942 3120 2265 3230 Longio-Masclria·

1471 3255 1549 3304 narn
1580 3231 1751 3338 Neapolit.
1781 3233 2001 3340 Agiograplaa
2041 3261 2110 3309 non
2141 3262 2265 3324 unam,

1472 3367 1509 3416 ut
1558 3345 1736 3452 hucusque
1783 3345 1952 3423 creditum
1996 3372 2070 3439 est,
2110 3347 2168 3424 sed
2201 3373 2267 3426 tres

1469 3453 1618 3533 diversas
1646 3461 1814 3536 editiones
1843 3461 2053 3568 complecti,
2079 3489 2168 3567 quae
2199 3463 2262 3538 etsi

1471 3597 1540 3646 uno
1569 3572 1760 3680 eodemque
1800 3573 1993 3650 charactere
2018 3601 2174 3652 constent
2204 3601 2264 3652 ea-

1467 3684 1617 3792 demque
1658 3688 1788 3778 forma,
1817 3714 1835 3760 a
1866 3687 2008 3763 diversis
2051 3713 2162 3764 tamen
2204 3714 2264 3796 ty-

1469 3799 1657 3906 pographis
1683 3827 1722 3902 ct
1760 3829 1839 3876 cum
1870 3799 2010 3877 diversis
2039 3806 2264 3878 Commenta·

1469 3913 1526 3987 riis
1569 3915 1793 4020 prodierunt,
1833 3913 1981 4020 ideoque
2017 3917 2159 3992 seorsim
2189 3941 2263 3993 esse

1469 4024 1683 4104 referendas.
1726 4027 1926 4104 Psalrerium
1975 4054 2055 4103 cum
2110 4029 2261 4106 Kimclaii

1468 4142 1683 4246 expositione
1715 4141 1823 4218 edidit
1863 4139 1987 4247 Ioseph
2026 4141 2114 4218 filius
2144 4143 2260 4224 iacobi

1468 4255 1685 4346 Germanus,
1713 4253 1895 4331 Proverbia
1925 4280 2004 4330 cum
2035 4249 2113 4331 fuso
2136 4259 2175 4329 R.
2196 4262 2262 4330 lut·

1468 4369 1635 4444 manuelis
1680 4369 1935 4444 Commentario
1983 4367 2118 4444 Claaiim
2169 4370 2261 4444 filius

1466 4483 1570 4556 isaaci
1610 4484 1776 4569 Levitae,
1815 4481 1945 4586 reliqna
1988 4482 2125 4558 Samuel
2171 4483 2262 4558 filius

1467 4595 1635 4670 Samuelis
1656 4595 1699 4670 de
1719 4599 1850 4670 Roma.
1878 4597 1946 4694 Qui
1974 4619 2087 4670 tamen
2113 4621 2178 4672 tres
2206 4621 2264 4703 ty-

1466 4709 1654 4814 pogtaplti,
1673 4707 1791 4786 iisdem
1815 4709 1909 4814 typis
1933 4733 2066 4784 utentes
2082 4711 2154 4787 sive
2174 4737 2262 4815 qua·

1464 4822 1592 4912 dratis,
1609 4824 1679 4900 sive
1710 4822 1913 4910 rabbinicis,
1929 4822 2120 4928 eademque
2143 4823 2266 4899 editio·

1465 4936 1516 5011 nis
1542 4936 1671 5012 ratione
1687 4963 1725 5012 ac
1743 4937 1879 5026 forma,
1912 4935 2058 5009 dubium
2091 4965 2159 5012 non
2190 4961 2263 5029 est,

1464 5051 1548 5152 quin
1578 5051 1779 5126 consociatis
1818 5047 1948 5124 viribus
1984 5073 2018 5124 et
2060 5051 2094 5124 in
2138 5051 2259 5126 eadem

1465 5189 1502 5238 ut
1525 5164 1676 5254 videtur,
1698 5163 1932 5271 typographia
1956 5165 2130 5270 integrum
2153 5165 2262 5272 Agio-

1462 5279 1673 5384 graplrorum
1722 5279 1886 5353 volumen
1939 5303 1999 5351 seu
2048 5281 2262 5384 completam

1461 5415 1583 5466 eorum
1625 5389 1812 5466 editionem
1855 5390 2095 5496 vulgare,sibi
2129 5415 2264 5498 propo·

1461 5507 1612 5596 suerint,
1649 5504 1885 5582 selectioribus
1916 5502 2063 5582 nationis
2092 5506 2261 5614 interpre-
