5222 7090
787 672 1351 748 PansrnrMA
1841 691 1884 771 η

260 907 282 948 ,,
312 858 503 928 Remorens
531 846 776 925 offendiculum
803 847 845 924 acl
865 846 1042 923 absoluen-
1100 847 1133 921 in
1161 845 1281 922 eadem
1310 845 1500 954 epigraphe
1529 859 1620 924 mem
1652 871 1714 952 pro
1743 843 1882 922 samech

372 962 478 1049 dum,
501 965 639 1068 jamque
662 961 784 1038 oculus
806 987 904 1036 meus
928 985 1043 1036 totum
1099 981 1134 1034 et
1162 959 1236 1036 zain
1262 983 1324 1064 pro
1352 985 1418 1035 vau
1447 983 1663 1065 praepostere
1691 957 1887 1063 accipiens,

374 1100 463 1182 opus
493 1071 720 1178 perlustrans,
1104 1071 1181 1149 loco
1208 1093 1330 1149 nitran
1365 1068 1487 1180 legerit
1527 1093 1672 1160 nitran,
1699 1097 1787 1176 quae
1816 1097 1911 1174 vox,¹
2008 1159 2015 1174 ⁹
2053 1145 2058 1156 ,
2105 1107 2111 1116 ·

264 1189 450 1280 „Plaudit
479 1185 513 1260 in
544 1211 587 1262 eo
628 1183 823 1262 volvendo.
864 1190 1047 1296 Egressum
1103 1182 1190 1290 quid
1219 1185 1285 1262 sibi
1329 1183 1438 1274 velit,
1475 1184 1521 1259 ait
1550 1209 1587 1258 sc
1629 1185 1888 1291 nonassequi,

374 1327 424 1378 est
451 1326 470 1376 e
502 1299 556 1375 ria
585 1298 742 1407 caliginis
1106 1321 1169 1372 nec
1196 1325 1302 1404 quarn
1333 1319 1423 1374 recte
1445 1322 1488 1372 ex
1510 1322 1550 1371 ea
1571 1295 1802 1378 Bartoloccius
1822 1304 1891 1373 Pe·

259 1469 281 1503 „
310 1414 364 1491 Ad
397 1414 531 1490 lucent.
574 1417 744 1489 Stanrtum
788 1435 942 1489 nostrum
971 1408 1050 1516 ple·
1106 1408 1442 1514 saro-exsculpserit.
1464 1409 1598 1484 Etenim
1619 1410 1786 1516 ipsissima
1805 1409 1889 1486 haec

374 1553 459 1603 num
488 1549 539 1602 est
578 1553 656 1631 prae
687 1524 773 1602 mari
816 1523 930 1602 valida
958 1523 1049 1601 sub-
1107 1545 1200 1598 tecta
1228 1522 1451 1630 appositaque
1483 1523 1685 1600 Bartoloccii
1714 1525 1891 1629 interpre-

372 1640 494 1716 stantia
523 1665 563 1716 ac
594 1637 837 1745 philosophia.
1105 1637 1189 1711 tatio
1207 1659 1268 1743 ¹sat
1297 1635 1533 1712 doctissimum
1578 1639 1689 1712 virum
1732 1637 1891 1712 crassissi-

259 1804 282 1846 „
314 1757 411 1829 Deus
442 1779 546 1859 porro
584 1753 645 1858 qui
684 1751 831 1862 dignum
870 1749 952 1828 fecit
989 1776 1047 1828 me
1104 1773 1179 1823 mae
1210 1746 1486 1826 hallucinationis
1508 1749 1695 1854 arguebat,
1718 1774 1892 1856 veraeque

375 1864 527 1943 utillud
559 1867 779 1971 perficerem,
1104 1860 1263 1937 vocabuli
1293 1861 1383 1939 illius
1423 1861 1600 1949 lectionis,
1640 1862 1674 1938 in
1706 1889 1777 1968 quo
1802 1861 1892 1942 ,nul-

261 2033 283 2070 „
312 1979 593 2087 Circumquaque
619 1979 661 2056 ad
693 1975 934 2061 meditandum
952 1976 987 2052 io
1005 2003 1048 2054 eo
1104 1971 1178 2050 lum
1199 2001 1335 2082 prorsus
1351 1974 1488 2052 extabat
1512 1974 1770 2085 typographiae
1792 2001 1892 2050 men·

374 2117 476 2200 cogat
506 2118 585 2185 me,
616 2092 843 2198 infundatque
873 2091 959 2166 mihi
1105 2088 1212 2166 dum.
1251 2092 1380 2166 Verum
1408 2092 1436 2167 si
1465 2115 1510 2165 ex
1538 2089 1728 2198 epigraphe
1757 2111 1902 2167 constat.

260 2256 283 2298 „
310 2206 500 2284 Scintillam
533 2207 809 2314 perscrutationis
826 2202 905 2280 libri
927 2227 963 2280 et
987 2229 1048 2282 ex·
1104 2227 1213 2280 annus
1240 2200 1423 2293 editionis,
1450 2205 1548 2280 locus
1584 2228 1675 2279 certe
1705 2229 1773 2278 non
1804 2229 1894 2278 con-

374 2320 574 2426 positionis.
1008 2359 1010 2364 ·
1103 2341 1191 2394 star·
1228 2315 1328 2391 Unde
1368 2316 1596 2396 hallucinatur
1637 2315 1891 2425 Bartoloccius,

260 2480 285 2522 „
313 2431 467 2536 Contigit
495 2431 573 2506 linis
608 2433 681 2535 ejus
709 2429 767 2509 die
806 2452 901 2508 xxix
929 2454 1045 2506 nume·
1102 2431 1164 2536 qui
1193 2453 1284 2504 mem
1315 2455 1395 2507 cum
1426 2433 1509 2511 beth
1528 2434 1562 2507 in
1582 2458 1622 2509 ea
1650 2429 1893 2519 confundens,

373 2542 535 2619 rationis.
1106 2544 1233 2620 librum
1251 2569 1366 2621 reuera
1388 2545 1514 2625 Pisauri
1544 2543 1710 2652 prodiisse
1738 2544 1893 2623 conscri-

335 2655 485 2732 lnitiales
511 2657 643 2734 litterae
671 2655 826 2734 acrostici
848 2652 952 2757 hujus
978 2679 1052 2730 cat·
1105 2655 1155 2733 bit
1184 2654 1273 2730 Bibl.
1301 2657 1396 2733 rabb.
1413 2683 1498 2735 torn.
1519 2683 1560 2734 tv
1582 2685 1614 2766 p.
1646 2683 1695 2758 7,
1724 2685 1764 2735 ac
1780 2659 1808 2734 si
1829 2683 1895 2733 cx-

261 2767 362 2844 minis
392 2794 522 2876 puncto
561 2772 718 2878 superius
754 2791 893 2846 notatae
921 2792 1049 2843 nomeu
1107 2788 1192 2844 taret
1233 2772 1266 2846 in
1297 2793 1394 2847 textu
1434 2793 1575 2851 nunna·
1613 2774 1705 2848 Hinc
1741 2769 1894 2846 adeam

260 2877 343 2955 dant
373 2881 639 2977 plurinomina
678 2883 843 2960 Nathanis
870 2881 916 2958 de
945 2881 1050 2968 Salb,
1106 2881 1228 2958 urbem
1257 2906 1412 2961 auctores
1453 2911 1521 2960 non
1553 2884 1652 2990 pauci
1692 2883 1894 2960 Bartoloccii

262 2987 315 3068 v'el
345 2993 580 3084 Salodiet'tsis,
607 3003 682 3098 ejus
710 2996 869 3074 videlicet
897 2996 982 3100 qui,
1011 3017 1050 3070 ιιι
1106 2994 1188 3072 fidei
1216 3020 1251 3074 et
1278 2998 1474 3074 auctoritati
1514 2998 1623 3075 innixi
1660 2995 1814 3074 absolute
1844 3022 1896 3072 re·

260 3103 424 3200 uidetur,
454 3135 568 3186 versus
597 3110 689 3216 ipsos
718 3107 916 3216 composuit
943 3135 984 3186 ac
1006 3107 1047 3183 li·
1103 3110 1279 3201 tulerunt,
1301 3134 1338 3187 ιιι
1360 3117 1408 3188 Le
1438 3112 1588 3217 Longius
1619 3110 1895 3187 Bibliotlt.'sacra

261 3219 362 3295 hrum
402 3223 574 3298 correxit.
613 3231 787 3301 Postrema
832 3247 914 3300 vero
943 3220 1047 3300 verba
1104 3250 1187 3302 tom.
1208 3249 1234 3300 ιι
1256 3253 1289 3332 p.
1310 3231 1411 3324 827,
1438 3223 1768 3330 Wolfiustom.lp.
1791 3247 1895 3323 727,

261 3333 590 3442 intelligendarum
632 3336 761 3416 dedic
803 3361 898 3414 xntx
926 3360 1048 3423 omer,
1107 3337 1295 3414 Marcltand
1323 3345 1418 3414 Hirr.
1448 3345 1487 3414 de
1514 3337 1682 3435 l‘r'mprr‘rtt.
1714 3363 1790 3444 pag.
1822 3338 1896 3434 69,

262 3451 360 3548 cuius
386 3450 665 3528 numerationem
694 3450 880 3557 aliquando
909 3450 944 3526 in
971 3451 1051 3557 epi·
1108 3452 1279 3528 Maittaite
1307 3451 1431 3527 Annal.
1462 3477 1540 3560 typ.
1568 3475 1655 3526 tom.
1682 3475 1708 3526 v
1740 3474 1835 3558 parte
1866 3473 1893 3525 ιι

215 3562 218 3572 ’
261 3558 399 3668 graphis
427 3565 497 3639 suis
527 3588 644 3641 norant
673 3565 812 3655 ludaei,
842 3589 911 3640 non
929 3562 1049 3642 deen-
1107 3592 1142 3673 p.
1174 3589 1278 3666 531,
1306 3566 1484 3642 Assemani
1514 3565 1678 3642 Biblioth.
1707 3569 1786 3642 Vat.
1816 3589 1896 3638 mss.

261 3699 308 3751 no
337 3677 598 3782 compositionis
626 3679 790 3766 auctoris,
828 3702 866 3754 ut
897 3679 1048 3784 primum
1107 3685 1224 3754 toml
1249 3705 1284 3784 p.
1305 3681 1381 3771 68,
1409 3678 1569 3754 Denisius
1600 3687 1788 3774 (stitutum
1810 3699 1893 3754 tom.

261 3792 503 3885 conjeceram.
531 3793 680 3868 Nomine
708 3791 801 3866 enim
830 3795 960 3887 sephird
989 3790 1050 3867 ab·
1105 3797 1178 3900 lp.
1213 3817 1309 3891 132,
1334 3791 1478 3898 aliique.
1501 3792 1570 3868 Etsi
1590 3817 1692 3897 porro
1712 3791 1836 3867 diserte
1859 3790 1894 3866 id

261 3899 374 3976 solute
403 3927 442 3976 ea
471 3927 549 3977 aera
594 3905 739 4011 intelligi
768 3904 880 3993 solet,
907 3904 1051 3994 seuin·
1107 3930 1176 3981 non
1216 3903 1613 3991 constet,tverosimile
1651 3929 1764 3981 tamen
1808 3904 1895 3980 olim

263 4011 448 4089 teruallum
492 4017 738 4092 intermedium
779 4015 917 4092 dictum
945 4017 1053 4123 quin·
1109 4019 1195 4094 mihi
1225 4020 1338 4092 visum
1361 4041 1437 4104 est,
1463 4019 1537 4094 site
1559 4018 1593 4090 itt
1615 4018 1759 4095 Dissert.
1788 4017 1894 4123 prael.

262 4126 426 4232 quaginta
468 4125 557 4204 inter
599 4130 728 4206 Pascha
757 4152 792 4204 et
830 4135 1051 4206 Pentecosten
1106 4132 1147 4206 ad
1178 4129 1405 4237 Epithalamia
1433 4128 1575 4204 exoticis
1604 4128 1895 4236 linguisreddm

261 4263 306 4314 ex
336 4241 446 4316 Levit.
468 4265 564 4318 xxrrt
602 4267 668 4342 ¹5·
696 4249 853 4320 Nostram
871 4241 960 4320 hauc
977 4241 1051 4319 edi·
1104 4244 1141 4341 S.
1169 4268 1240 4320 vni
1271 4269 1305 4350 p.
1343 4266 1412 4340 ιγ,
1441 4240 1513 4316 sive
1541 4244 1594 4315 De
1623 4243 1721 4318 hebr.
1751 4266 1893 4350 typogt.

262 4353 392 4428 tionem
422 4354 457 4428 in
487 4357 645 4462 Progensi
685 4355 957 4464 Oppenheimeri
986 4357 1050 4432 bi·
1106 4357 1236 4466 origine
1256 4383 1289 4464 p.
1308 4383 1356 4460 9,
1375 4358 1608 4432 Pisaurensem
1628 4355 1893 4460 typographum

234 4465 438 4575 ‘bliotheca
480 4468 604 4545 vidisse
647 4495 683 4548 se
723 4494 863 4545 restatur
902 4470 1047 4546 Wolfius
1106 4471 1236 4548 Pisauri
1266 4473 1392 4548 librum
1423 4467 1626 4554 excedisse,
1653 4468 1713 4572 qtti
1731 4467 1758 4542 si
1776 4467 1892 4543 locum

264 4603 347 4656 tom.
376 4604 420 4656 ιιι
451 4608 484 4687 p.
516 4583 624 4682 649,
651 4581 711 4660 sed
743 4583 871 4689 absque
901 4584 969 4660 nlla
991 4609 1050 4660 an·
1107 4608 1142 4661 er
1173 4585 1316 4693 patriam
1346 4581 1520 4660 interdum
1551 4583 1773 4672 mutavit,ac
1791 4579 1895 4686 qnin-

263 4694 381 4771 nivel
423 4694 489 4769 loci
530 4694 787 4802 designatione.
832 4705 876 4772 Αι
920 4699 1048 4776 mirum
1105 4701 1257 4803 quennio
1288 4723 1363 4806 post
1403 4697 1577 4772 Bononiae
1618 4695 1893 4772 Pentateuchum

264 4805 421 4913 prolecto
450 4832 500 4883 est
532 4813 667 4898 virum,
696 4810 730 4884 in
761 4809 921 4887 hebraica
939 4837 1050 4888 caete·
1106 4811 1232 4905 edidit,
1261 4837 1329 4887 non
1346 4808 1383 4886 id
1402 4809 1565 4916 perfecit,
1593 4807 1690 4915 quod
1719 4812 1895 4886 Bnnoniue

263 4921 388 5024 toquin
409 4921 658 5028 bibliographia
685 4925 968 5013 versatissimum,
992 4953 1050 5003 att·
1106 4921 1271 5034 degeret,
1299 4923 1357 5000 sed
1386 4920 1482 5030 quod
1513 4921 1597 4999 illuc
1628 4921 1732 4998 fuerit
1749 4923 1895 4998 accersi-

264 5059 348 5108 num
380 5060 448 5110 non
492 5035 771 5114 animaduertisse
810 5037 870 5145 qui
912 5041 947 5114 in
978 5039 1049 5146 ipsa
1107 5061 1181 5114 tus.
1223 5036 1325 5116 Unde
1366 5063 1483 5114 autern
1513 5037 1715 5123 accersitus,
1757 5035 1894 5111 nisiex

263 5145 385 5222 eadem
415 5176 518 5253 quum
547 5149 685 5240 subdit,
716 5149 904 5260 epigraphe
927 5152 1050 5261 legitur
1106 5152 1269 5240 Pisauro,
1299 5150 1357 5228 ubi
1388 5150 1519 5256 publici
1558 5148 1616 5225 ille
1646 5147 1787 5224 fullonis
1816 5174 1893 5222 ntu-

264 5257 509 5351 disertissime,
549 5269 700 5370 eumque
744 5267 779 5340 itt
820 5263 897 5341 libri
937 5264 1049 5343 fronte
1106 5289 1187 5342 nere
1216 5263 1444 5372 fungebatur?
1472 5263 1609 5339 Dicitur
1636 5259 1730 5336 enirn
1760 5263 1795 5334 in
1821 5261 1894 5366 epi·

263 5375 491 5478 quaesivisse,
518 5401 589 5483 qrta
621 5378 774 5485 priorum
805 5377 941 5454 illorum
963 5402 1050 5456 tem·
1106 5377 1237 5484 graphe
1266 5375 1490 5453 Pentateuchi
1522 5373 1740 5451 Bononiensis
1769 5373 1796 5446 is
1820 5395 1892 5447 esse

264 5510 394 5591 porum
415 5487 585 5568 editiones
602 5491 781 5567 carebant.
811 5491 938 5568 Mirum
953 5490 1051 5598 quod
1106 5513 1153 5564 ex
1182 5488 1387 5569 tinctotibus
1405 5488 1554 5598 regionis
1572 5485 1792 5564 Pisaurensis.
1824 5481 1893 5562 Sed
