5222 7090
654 769 703 865 58
1106 765 1457 844 innatas
1505 765 1850 840 nnn-Tra.

650 945 886 1044 hillinghem
923 949 997 1020 liar.
1025 969 1105 1026 rar.v
1125 943 1161 1018 8.
1193 965 1213 1042 3
1246 939 1328 1020 roll.
1366 944 1439 1017 Par.
1497 941 1625 1018 riorum
1666 937 1917 1045 Prophetarum
1960 939 1995 1016 in
2045 937 2293 1046 Disquisitione

658 1083 755 1156 ¹791
792 1057 878 1134 inter
906 1083 1027 1143 anon,
1054 1054 1116 1159 qui
1137 1081 1212 1132 eam
1233 1053 1439 1132 rarissimam
1498 1075 1750 1140 memoratum,
1795 1074 1913 1159 postea
1958 1051 1994 1126 in
2038 1078 2159 1130 manus
2201 1081 2296 1131 meas

650 1172 706 1246 nel
734 1193 910 1246 extreman
937 1168 1082 1245 raritatis
1111 1194 1183 1245 esse
1225 1167 1441 1246 animadver·
1494 1167 1736 1256 devenerunt,
1764 1191 1915 1270 quorum
1954 1164 2101 1242 alterurn
2130 1166 2293 1276 exiguam

651 1307 748 1359 tuot.
790 1283 872 1358 Tria
904 1305 1037 1358 tantum
1066 1279 1279 1389 exemplaria
1309 1281 1342 1356 in
1371 1287 1440 1357 Eu·
1495 1306 1608 1358 meam
1638 1280 1727 1354 hanc
1766 1277 2015 1354 bibliothecam
2044 1302 2213 1369 exornat,
2239 1279 2295 1356 al-

647 1423 732 1503 ropa
771 1394 929 1503 dignosci
969 1419 1109 1470 testatur
1146 1395 1372 1472 Kennicottus
1400 1396 1435 1471 in
1493 1417 1606 1471 terum
1636 1391 1892 1468 Crevenuianae
1921 1395 2094 1480 concessi,
2126 1392 2160 1469 in
2180 1393 2294 1470 miuo-

649 1513 747 1586 Statu
777 1508 969 1584 collationis
996 1533 1050 1582 an.
1088 1510 1188 1608 1767
1222 1533 1300 1616 pag·
1335 1533 1437 1596 rra,
1493 1509 1521 1584 ri
1549 1511 1623 1612 ejus
1651 1503 1818 1614 Catalogo
1847 1503 1996 1581 relatum
2027 1527 2111 1582 tom.
2142 1511 2157 1581 l
2186 1533 2222 1614 p.
2257 1533 2293 1608 3.

647 1621 719 1699 duo
747 1622 874 1699 scilicet
901 1646 990 1727 quae
1019 1626 1149 1697 Romae
1179 1644 1299 1698 extant
1330 1621 1363 1696 in
1387 1621 1439 1698 bi·
1839 1679 1951 1750 XXI

647 1734 833 1812 bliothecis
870 1735 1051 1810 Barberitra
1095 1759 1131 1810 et
1168 1735 1269 1810 divae
1298 1732 1437 1810 Puden-

649 1849 759 1925 tiauae
781 1849 1030 1924 monachorum
1053 1847 1350 1935 Cisterciensium,
1371 1870 1440 1924 ter·
1572 1851 1622 1922 R·
1651 1849 1837 1923 Abraham·
1864 1851 1961 1924 Alea
1988 1849 2093 1946 Εἶναι
2116 1851 2292 1926 Commen-

649 1964 735 2038 tiutn
767 1988 849 2040 vero
889 1961 1080 2037 Florentiae
1121 1959 1156 2034 in
1186 1960 1436 2038 Laurentiana.
1494 1967 1601 2035 tarius
1629 1966 1664 2034 in
1693 1966 1835 2037 Perstat·
1871 1969 1906 2034 t'n
1938 1963 2004 2057 foL
2034 1968 2112 2036 mt'rr.
2143 1965 2291 2056 Neapoli

646 2076 786 2175 Quibus
827 2101 989 2181 quartum
1026 2070 1224 2152 addendum
1262 2096 1359 2150 notat
1396 2100 1440 2151 eo
1494 2099 1549 2147 an.
1580 2091 1785 2160 ccmtrr,
1817 2076 1891 2150 cnr.
1920 2091 2266 2150 Mccccuxxm'trr.

647 2191 724 2295 ipso
761 2213 852 2264 anno
880 2214 899 2263 a
928 2186 1034 2264 docto
1063 2185 1175 2263 amico
1204 2213 1268 2262 suo
1295 2185 1440 2263 Sanfor-
1582 2185 1709 2291 Incipit
1738 2184 1824 2262 folio
1855 2209 1975 2270 verso,
2017 2187 2202 2293 praemisso
2231 2211 2294 2262 su-

647 2301 709 2379 dio
737 2301 964 2407 acquisitum,
992 2297 1087 2406 quod
1117 2325 1237 2406 postea
1258 2299 1292 2378 in
1316 2298 1439 2377 biblio·
1496 2297 1611 2404 petius
1653 2299 1755 2375 titulo
1798 2319 1848 2374 ’an
1889 2301 1986 2376 'mnu
2023 2321 2155 2380 namn
2199 2320 2294 2378 terrra

647 2415 786 2491 thecam
814 2415 958 2521 collegii
987 2413 1192 2490 Exoniensis
1225 2415 1439 2520 pertransiis-
1495 2430 1571 2493 trum
1592 2433 1624 2504 12
1641 2432 1755 2488 tantast
1778 2416 2040 2490 Commentarius
2068 2419 2173 2511 legis,
2193 2439 2293 2510 quem

646 2553 682 2604 se
712 2529 830 2605 asserit
858 2527 893 2602 in
922 2526 1096 2603 Dissertat.
1128 2552 1242 2634 gener.
1270 2529 1304 2623 S.
1339 2553 1435 2626 ¹5¹,
1492 2535 1680 2620 composuit
1708 2532 1757 2601 R.
1796 2531 1971 2601 Abraham
2009 2531 2068 2602 hert
2102 2529 2213 2625 Epa,
2250 2525 2294 2601 li·

645 2664 681 2716 et
710 2641 754 2716 ad
793 2639 871 2719 cod.
901 2643 1007 2727 260,
1034 2664 1106 2745 quo
1135 2645 1168 2716 in
1197 2641 1436 2718 Kennicottia-
1492 2662 1581 2746 gnea
1621 2637 1738 2715 tabula
1778 2637 1835 2717 vel
1877 2664 1999 2715 ornatu
2028 2644 2293 2744 circumsepto,

644 2780 688 2830 na
726 2753 910 2831 collatione
949 2753 1168 2831 Sonciuensia
1208 2753 1317 2830 Biblia
1344 2754 1438 2831 desi·
1493 2751 1555 2858 qui
1583 2752 1687 2828 etiam
1708 2750 1773 2827 sub
1802 2753 1941 2829 initiunt
1968 2777 2161 2830 ceterorum
2185 2753 2290 2829 libro·

644 2891 817 2976 guantur.
843 2869 959 2946 Priora
988 2864 1045 2942 illa
1071 2865 1231 2973 exempla
1251 2869 1366 2944 omnia
1387 2869 1438 2945 vi·
1493 2890 1571 2940 rum
1603 2865 1776 2942 occurrit.
1807 2866 1900 2942 Binis
1928 2866 2098 2943 columnis
2127 2889 2290 2942 constant
2393 2893 2396 2900 ’

642 2982 781 3071 dimus,
803 3006 843 3058 ac
866 2979 1056 3058 secundum
1085 2977 1227 3087 quidem
1249 2980 1349 3057 dirae
1370 2986 1439 3058 Pu·
1494 2979 1661 3085 paginae,
1701 2978 1884 3056 columnae
1923 2979 2021 3056 lineis
2062 3005 2141 3078 45,
2182 2979 2317 3056 editio

642 3093 1030 3204 dentianae,integrum
1049 3119 1089 3170 ac
1105 3091 1438 3201 splendidissimum,
1494 3091 1583 3166 foliis
1613 3094 1663 3191 98
1697 3093 1867 3199 impressis
1896 3119 2028 3198 praeter
2049 3094 2167 3170 album
2189 3089 2288 3199 quod

642 3207 726 3284 illud
759 3210 872 3316 ipsum
900 3233 971 3297 est,
997 3205 1092 3312 quod
1115 3205 1342 3314 possiderese
1361 3235 1436 3284 mo·
1491 3229 1588 3280 extat
1613 3207 1656 3280 ad
1685 3203 1832 3281 calcem.
1873 3207 2008 3284 Adsunt
2037 3207 2129 3282 tituli
2157 3207 2287 3283 sectio-

641 3346 701 3398 net
731 3321 959 3398 bartoloccius
988 3322 1023 3398 in
1052 3319 1217 3397 Biblioth.
1237 3320 1333 3397 tabb.
1352 3345 1446 3398 tom.¹
1492 3343 1577 3395 uum
1606 3321 1640 3394 in
1671 3320 1835 3420 superiori
1876 3324 2027 3428 margine
2065 3320 2288 3428 paginarum,

642 3439 711 3542 lp.
735 3459 837 3537 433.
864 3434 915 3512 Cl.
945 3434 1114 3541 Fabricy,
1143 3457 1318 3541 postremo
1334 3461 1437 3542 prae·
1492 3431 1527 3506 itt
1574 3431 1725 3510 inferiori
1776 3430 1937 3509 custodes
1981 3458 2016 3510 et
2063 3435 2289 3539 signaturae.

641 3551 821 3638 termisso,
860 3553 935 3652 ejus
978 3547 1056 3623 loco
1094 3545 1241 3623 alterum
1281 3549 1436 3625 nominat
1493 3544 1677 3623 Character
1720 3544 1938 3638 rabbinicus,
1977 3545 2036 3624 sed
2067 3548 2206 3624 initialia
2237 3545 2290 3621 li-

641 3659 737 3766 quod
768 3664 893 3738 servari
924 3661 1037 3765 iuquit
1059 3662 1094 3736 in
1116 3659 1325 3736 bibliotheca
1347 3667 1437 3739 Mar·
1494 3656 1661 3747 brorum,
1690 3663 1902 3748 sectionum,
1940 3659 2149 3738 divisionum
2181 3659 2288 3736 verba

641 3773 751 3883 gravii
808 3772 1124 3850 Baden-Durlach.
1170 3773 1336 3881 Quinque
1383 3777 1437 3852 his
1492 3772 1666 3877 quadratis
1688 3773 1781 3880 typis
1800 3772 1987 3876 majoribus
2007 3801 2190 3881 expressa.
2214 3773 2288 3850 Sub

641 3888 899 3995 exemplaribus
946 3913 1084 3964 sextum
1125 3885 1325 3964 addendum
1364 3914 1436 3979 est,
1491 3885 1594 3962 finem
1625 3888 1739 3962 Exodi
1768 3913 1849 3962 nota
1886 3886 2054 3993 quaedam
2085 3885 2288 3990 subjicitur,

640 4001 735 4108 quod
766 4003 916 4078 Viennae
947 4001 980 4074 in
1023 3998 1232 4076 bibliotheca
1261 4003 1435 4107 Imperiali
1490 4025 1559 4104 qua
1588 4001 1866 4077 Commentarius
1897 4002 1932 4075 in
1964 4001 2057 4078 hunc
2086 3999 2213 4076 librum
2237 4000 2290 4073 tli-

639 4115 854 4203 custoditur,
894 4139 978 4190 teste
1018 4113 1231 4190 Lamhachet
1272 4115 1433 4191 Biblioth.
1489 4113 1578 4190 citur
1606 4112 1650 4189 ab
1680 4139 1820 4190 auctore
1849 4114 2027 4192 absolutus
2057 4141 2149 4189 anno
2189 4133 2290 4207 apnn

600 4291 603 4300 r
640 4232 780 4336 antiqua
815 4227 968 4304 Vindob.
996 4227 1061 4302 civ.
1102 4232 1241 4333 partel
1276 4255 1353 4338 pag.
1386 4256 1433 4318 2,
1489 4251 1549 4301 seu
1580 4252 1682 4330 913,
1709 4229 1838 4304 Christi
1873 4253 1998 4327 1153,
2038 4227 2288 4330 manifesteque

640 4345 829 4450 septimum
859 4339 1168 4419 luculentissimum
1206 4343 1301 4446 quod
1334 4343 1435 4448 paul·
1494 4339 1692 4417 confutatur
1742 4366 1863 4417 eorum
1908 4342 2026 4446 opinio
2072 4341 2132 4446 qui
2184 4338 2288 4414 Aben

638 4455 675 4530 lo
703 4482 782 4532 anre
821 4481 926 4562 quam
968 4454 1250 4560 Disquisitionem
1293 4457 1434 4532 ederem
1492 4455 1724 4530 Ezramanno
1747 4464 1884 4554 4908,
1912 4456 1993 4529 Chr.
2031 4457 2131 4550 1148
2166 4475 2291 4559 putant

638 4569 683 4644 de
724 4567 803 4644 heb.
832 4593 972 4675 typngt.
1001 4571 1085 4674 orig.
1115 4567 1307 4644 Florentiae
1336 4569 1434 4645 dete·
1490 4567 1635 4644 obiisse.
1677 4573 1765 4644 Nota
1803 4571 1887 4645 haec
1916 4571 1949 4644 iu
1982 4569 2100 4643 Bibliis
2131 4564 2289 4643 rabbini·

639 4705 756 4756 seram
788 4681 820 4754 in
861 4678 1069 4756 bibliotheca
1100 4679 1172 4756 divi
1210 4683 1317 4757 Marci
1348 4684 1433 4758 inter
1490 4681 1538 4755 cis
1580 4681 1719 4757 Venetis
1756 4681 1898 4788 aliisque
1938 4681 2150 4757 editionibus
2180 4679 2292 4753 ontis-

639 4794 775 4869 eodices
801 4791 913 4869 editos
940 4817 1008 4866 sec.
1029 4817 1084 4870 xv
1108 4820 1202 4868 num.
1240 4818 1341 4892 107,
1369 4793 1433 4870 fal·
1489 4819 1552 4880 sa,
1580 4795 1706 4870 iterum
1735 4818 1913 4903 comparet
1943 4795 1977 4871 in
2009 4795 2098 4871 binis
2126 4795 2203 4870 aliis
2220 4817 2291 4866 art-

639 4934 679 4982 so
715 4905 868 4981 exterius
903 4903 1081 5012 designato
1108 4931 1198 4981 anno
1244 4909 1369 5007 1483,
1398 4932 1433 4984 et
1490 4907 1594 5010 tiquis
1622 4935 1662 4984 ac
1694 4909 1870 4986 rarissimis
1900 4909 2006 4985 nostri
2036 4906 2288 4984 Commentarii

638 5043 825 5110 octavum,
864 5018 988 5122 pariter
1028 5018 1292 5107 nitidissimum,
1336 5021 1430 5126 quod
1487 5021 1713 5109 editionibus,
1743 5049 1831 5126 quae
1861 5023 1954 5132 apud
1985 5047 2041 5097 me
2067 5043 2208 5107 extant,
2235 5016 2289 5094 ri·

638 5137 769 5208 Romae
799 5133 833 5208 in
865 5129 1077 5208 bibliotheca
1109 5133 1254 5238 Collegii
1285 5135 1432 5209 Romani
1487 5133 1612 5212 delicet
1631 5137 1665 5210 in
1686 5136 1879 5213 CPolitanis
1896 5161 1949 5212 an.
1976 5159 2137 5232 15¹4&
2168 5157 2294 5228 1522.

616 5245 802 5352 'deinceps
839 5245 1029 5350 conspexi,
1068 5244 1312 5324 humanissime
1344 5247 1431 5323 mihi
1488 5249 1591 5324 Extat
1619 5249 1723 5324 etiam
1754 5251 1789 5324 in
1817 5250 1895 5326 cod.
1926 5273 2007 5325 meo
2037 5245 2286 5350 escariisque

637 5385 812 5436 ostensum
841 5384 862 5434 a
891 5358 932 5434 cl.
964 5361 1128 5434 Lazzeri.
1157 5359 1324 5437 audenda
1355 5385 1432 5436 tan·
1488 5360 1663 5437 nonnullis
1707 5363 1912 5440 codicibus.
1972 5362 2122 5470 Explicit
2171 5381 2288 5436 auteur

638 5474 782 5550 demet
824 5471 903 5549 bina
944 5470 1008 5546 alia
1046 5471 1176 5579 integra
1211 5499 1299 5578 quae
1329 5499 1431 5578 prae·-
1486 5473 1595 5551 editio
1638 5477 1839 5553 correctoris
1887 5476 1992 5552 Mosis
2037 5474 2105 5552 ben
2151 5473 2288 5549 Charis

638 5613 690 5664 ter
731 5585 892 5665 mutilum
929 5583 1017 5664 illud
1056 5585 1210 5693 priorum
1240 5613 1280 5664 ac
1307 5612 1428 5694 poste-
1484 5586 1698 5698 epigraphe,
1739 5589 1874 5696 inqua
1911 5611 1992 5698 post
2031 5586 2176 5666 eximias
2207 5609 2288 5663 tum
