5222 7090
668 719 715 798 34
1087 692 1461 770 Anu'Atas
1518 689 1869 814 arcanae.

667 869 796 946 mulam
829 899 894 978 pro
923 868 1119 946 Christianis
1148 866 1251 942 fuisse
1280 869 1452 974 composi·
1509 869 1613 944 brana
1644 867 1769 973 pariter
1798 892 1993 956 excusum,
2019 864 2225 972 ipsissimum
2248 888 2299 939 est

663 1007 734 1060 tarn
764 1007 798 1060 et
829 985 862 1059 in
907 1007 1096 1091 synagogas
1133 981 1304 1056 i‘uvectam
1347 982 1452 1057 mani·
1509 1009 1622 1057 meum
1652 977 1829 1084 exemplar
1857 979 1952 1085 qnod
1989 981 2022 1055 in
2053 1005 2172 1056 manus
2203 1005 2294 1054 meas

664 1095 748 1173 feste
776 1097 955 1174 coufirmat
985 1095 1095 1170 codex
1126 1117 1240 1169 noster
1276 1117 1374 1190 159,
1401 1091 1446 1167 ad
1503 1092 1660 1170 devenit.
1701 1093 1966 1196 l’lautavitium,
1995 1097 2055 1198 qui
2084 1093 2129 1168 ait
2160 1115 2196 1166 se
2229 1117 2295 1166 ne-

662 1236 767 1316 quem
797 1209 1014 1284 conserantttr
1044 1205 1154 1281 dicta.
1503 1207 1613 1297 scire,
1643 1204 1702 1281 ubi
1732 1206 1774 1280 sit
1803 1205 2013 1292 Sottcinum,
2045 1206 2214 1311 aliamque
2239 1230 2294 1279 ur-

672 1367 675 1374 ·
748 1329 903 1400 Nostram
935 1325 1021 1396 hanc
1060 1319 1247 1414 editionem
1279 1339 1447 1390 memorat
1503 1318 1583 1394 bern
1622 1316 1815 1410 obtrudit,
1866 1321 2005 1425 corrigit
2060 1316 2292 1394 Bartoloccius

627 1497 629 1500 .
662 1437 899 1512 Bartoloccius
930 1433 1018 1510 Bihl.
1046 1430 1142 1509 rabb.
1171 1452 1257 1504 tom.
1296 1452 1337 1503 ru
1368 1455 1447 1534 pag.
1501 1455 1585 1508 tom.
1615 1436 1629 1506 l
1661 1425 1827 1538 p.'431,
1865 1434 1939 1534 jure
1980 1429 2150 1508 admirans
2177 1430 2292 1505 virum

664 1552 774 1647 762,
800 1574 945 1652 eamque
988 1543 1128 1652 reperiri
1160 1564 1301 1616 testatur
1330 1542 1363 1614 itt
1396 1542 1447 1615 bi·
1503 1545 1536 1620 in
1568 1545 1751 1621 rabbinicis
1782 1569 1949 1620 versatum
1982 1569 2049 1618 non
2075 1543 2292 1647 animaduer-

663 1661 832 1738 bliorheca
863 1661 1026 1736 Vaticana
1046 1661 1131 1733 inter
1152 1653 1286 1730 codices
1311 1654 1447 1728 hebrai·
1505 1657 1583 1733 risse
1614 1657 1649 1732 in
1694 1681 1744 1732 tot
1785 1657 1994 1733 editionibus
2032 1657 2199 1733 librorum
2231 1655 2291 1731 he·

662 1803 721 1852 cos
761 1777 942 1881 impressos
977 1769 1116 1850 Soncini
1156 1791 1317 1842 excusam
1359 1791 1448 1840 anuo
1504 1768 1696 1846 braicorum
1725 1795 1774 1846 sat
1802 1795 1957 1847 constare
1986 1768 2030 1844 de
2059 1797 2102 1848 eo
2134 1769 2292 1878 oppido,

663 1911 772 1967 annau
802 1911 965 1973 ccxntx,
1001 1882 1125 1959 Christi
1154 1902 1448 1954 ucccctxxrux.
1504 1882 1624 1988 quod,
1653 1907 1692 1958 ut
1718 1884 1893 1959 Maittairii
1912 1882 2024 1959 verbis
2042 1907 2136 1971 utar,
2158 1883 2210 1959 sui
2230 1907 2293 1956 no·

652 2006 779 2098 ¹Quam
821 1999 1023 2076 mendosam
1061 2019 1230 2071 annorum
1270 2016 1447 2066 enumera·
1505 1996 1608 2070 minis
1650 1997 1896 2074 obscuritatem
1937 1997 2016 2086 artis
2055 1996 2102 2072 ibi
2130 1994 2296 2071 excultae

663 2115 792 2189 tionem
821 2139 855 2189 et
885 2137 1024 2196 aeram,
1053 2136 1071 2183 a
1100 2103 1307 2182 Clteuillerio
1343 2103 1446 2179 etiarn
1503 2107 1699 2185 celebritate
1727 2109 1895 2216 dispulit.
1943 2108 2010 2186 Sed
2039 2109 2145 2216 magis
2174 2104 2289 2184 adhuc

662 2253 701 2301 ac
732 2227 915 2302 Maitrairio
943 2222 1165 2329 adoptatam,
1187 2215 1333 2292 referens
1352 2216 1448 2291 Wol·
1504 2243 1543 2294 ιιι
1572 2248 1639 2326 ego
1667 2211 1808 2328 quidem
1827 2223 1980 2330 opinor,
2006 2221 2200 2298 mirandum
2219 2243 2292 2310 est,

662 2338 726 2414 lius
756 2365 838 2415 tom.
868 2365 894 2415 11
926 2364 1002 2444 pag.
1035 2359 1137 2434 910,
1165 2354 1209 2405 ex
1239 2356 1283 2404 eo
1309 2353 1453 2404 enatam.
1505 2335 1692 2425 Wolfium,
1740 2361 1920 2442 postquam
1959 2335 2212 2411 Bartoloccium
2244 2333 2292 2407 le-

663 2450 870 2541 couscrihit,
898 2451 992 2558 quod
1035 2443 1266 2522 Bartoloccius
1302 2445 1337 2516 in
1365 2444 1446 2516 sim·
1500 2471 1595 2554 gerat
1623 2473 1658 2522 et
1687 2450 1936 2553 exscripserat,
1966 2473 2123 2524 accurate
2152 2472 2185 2523 et
2217 2445 2288 2553 ple·

660 2563 772 2640 bolica
803 2590 840 2638 ea
874 2589 956 2639 voce
984 2557 1202 2667 supputanda
1237 2555 1368 2629 litterae
1399 2555 1444 2630 he
1501 2585 1544 2634 ue
1581 2559 1626 2635 de
1664 2586 1703 2636 ea
1734 2563 1819 2638 urbe
1857 2585 2170 2647 commentantem,
2209 2559 2289 2635 scri-

661 2680 828 2753 rationem
860 2676 1040 2762 hahuerit,
1077 2695 1180 2776 quam
1224 2695 1304 2743 cum
1341 2667 1445 2744 Scab-
1500 2670 1582 2748 bere
1611 2696 1695 2747 tom.
1731 2679 1747 2748 l
1780 2702 1812 2780 p.
1849 2699 1951 2774 1030
1996 2675 2185 2750 Sonciuum
2218 2698 2286 2746 uon
2397 2705 2400 2716 ·

661 2813 737 2865 taeo
780 2791 905 2865 rectius
952 2790 1024 2894 ipse
1066 2806 1164 2890 putat
1209 2805 1256 2855 ex
1303 2804 1443 2887 recepto
1499 2809 1572 2876 esse
1601 2786 1829 2864 Lombardiae
1857 2785 2028 2894 oppidum
2059 2788 2125 2863 suh
2156 2785 2287 2860 ditione

659 2927 755 2978 more
807 2903 1055 2979 omittendam.
1103 2894 1280 2970 falluntur
1326 2917 1443 2968 tamen
1499 2896 1629 2974 ducum
1672 2900 2000 2992 Mediolanensium,
2044 2925 2081 2974 ut
2109 2898 2175 2973 sibi
2205 2922 2288 3003 per-

659 3016 818 3120 utrique,
848 3015 933 3091 dum
972 3015 1007 3088 in
1047 3035 1086 3086 ea
1125 3008 1266 3114 legenda
1296 3004 1443 3082 litterula
1499 3011 1600 3086 suasit
1629 3011 1872 3100 Plantavitius,
1909 3011 1968 3090 sed
2001 3013 2120 3087 urbem
2152 3012 2187 3086 itt
2217 3016 2284 3086 lta·

658 3128 896 3214 conueniunt,
924 3151 1012 3232 quae
1043 3124 1076 3197 in
1106 3119 1296 3226 epigraphe
1324 3116 1442 3205 deest,
1500 3123 1543 3198 lia
1584 3127 1829 3232 speciatimque
1875 3124 2099 3204 Lombardiae
2146 3125 2285 3230 provin.

582 3311 597 3339 Γ
660 3268 699 3318 ac
730 3267 906 3348 perperam
934 3238 1087 3344 disputat
1117 3231 1286 3318 Wolfius‚
1327 3231 1443 3306 sitne
1498 3236 1682 3322 cia,inter
1699 3243 1905 3316 Cremonam
1933 3267 1972 3314 ac
1992 3239 2143 3314 Brixiam
2166 3239 2285 3326 sitam,

660 3379 698 3430 ea
728 3351 968 3459 supputanda,
998 3373 1061 3426 nec
1091 3372 1158 3435 ne,
1178 3371 1283 3449 quam
1306 3343 1443 3418 ⁶⁰⁰⁵ssl·
1499 3375 1539 3424 ac
1560 3350 1587 3424 si
1607 3349 1689 3427 haec
1717 3353 1761 3428 ab
1790 3354 1849 3430 illo
1879 3351 2167 3458 distingueretur.
2196 3350 2287 3426 Mul·

621 3485 698 3541 ἰο
726 3463 999 3573 Oppenheimeri
1028 3457 1217 3565 exemplari
1244 3454 1442 3564 dignoscere
1499 3485 1574 3536 turn
1603 3486 1716 3539 tamen
1746 3468 1860 3553 abest,
1900 3490 1936 3541 ut
1969 3463 2141 3555 vidimus,
2172 3486 2210 3538 ut
2239 3489 2285 3539 ex

659 3602 755 3654 certo
786 3601 920 3684 poterat
949 3601 993 3651 ex
1023 3599 1090 3650 utta
1120 3569 1320 3648 Bartoloccii
1349 3567 1442 3644 indi·
1496 3574 1565 3651 hoc
1591 3577 1725 3683 oppido
1755 3581 1905 3685 primurn
1937 3577 2124 3684 prodierint
2155 3576 2190 3652 in
2219 3581 2288 3651 lra-

658 3690 800 3799 ligentia
845 3715 917 3765 esse
971 3685 1216 3793 repetendam·
1258 3681 1441 3758 Scabtaeus
1495 3688 1541 3762 lia
1569 3688 1788 3794 impressores
1817 3690 1983 3767 librorum
2025 3690 2285 3782 hebraicorum,

658 3805 798 3888 omisit,
839 3800 1095 3908 quia'aberat,
1141 3822 1210 3872 nott
1252 3767 1441 3893 omissurds
1496 3802 1789 3906 quemadmodum
1833 3830 1910 3912 pag.
1940 3829 2019 3904 432
2059 3802 2184 3888 subdit,
2207 3808 2285 3879 Bar·

657 3941 750 3994 certe
761 3917 824 4025 &⁸3
854 3916 1046 4024 legeretur.
1091 3918 1130 3988 ln
1166 3935 1209 3985 eo
1236 3909 1340 3984 etiam
1369 3901 1443 3982 hal·
1499 3915 1689 4004 toloccius,
1718 3918 2082 4023 acceperithrisiusin
2112 3921 2283 3991 Cremona

657 4027 826 4106 lucinatur
854 4028 1109 4114 Barmloccius,
1135 4021 1230 4129 quod
1269 4047 1350 4096 cum
1380 4045 1442 4096 uo·
1497 4027 1600 4104 litter.
1628 4035 1755 4106 roml
1798 4057 1875 4140 pag.
1910 4055 2006 4131 342·
2052 4030 2281 4105 Conferantur

657 4167 729 4218 stro
758 4165 938 4220 tractatum
968 4141 1072 4217 alium
1103 4141 1208 4215 Bctzd
1237 4141 1441 4245 conjungat,
1496 4143 1646 4247 quaein
1678 4144 1765 4220 hanc
1793 4171 1866 4219 rem
1895 4143 2048 4218 diximus
2080 4143 2114 4215 iu
2149 4143 2287 4216 Dissert.

657 4255 740 4361 qui,
769 4279 806 4330 ut
835 4282 898 4330 suo
926 4253 1004 4330 loco
1031 4251 1277 4357 ostendemus,
1303 4275 1366 4324 nec
1395 4247 1439 4325 ad
1498 4253 1724 4360 praeliminari
1751 4281 1786 4352 et
1815 4257 1880 4332 sub
1906 4253 2142 4334 Pentateucho
2172 4257 2286 4328 Bono-

657 4367 744 4442 ltanc
772 4367 957 4443 editionem
989 4367 1156 4474 pertinet,
1185 4390 1247 4438 nec
1276 4359 1440 4438 adhunc
1498 4368 1627 4444 niensi.
1672 4374 1724 4443 De
1765 4367 2007 4446 Sonciuatibus
2036 4393 2152 4442 autem
2199 4366 2282 4472 ipsis

656 4505 805 4556 annum.
847 4481 1051 4554 Vaticanum
1088 4477 1283 4584 exemplar,
1310 4501 1382 4580 quo
1412 4475 1440 4548 is
1497 4480 1726 4586 typographis
1764 4482 2018 4564 celeberrimis,
2062 4478 2190 4586 quiin
2221 4505 2286 4554 va-

658 4591 842 4677 utebatur,
881 4591 1097 4667 chartaceum
1143 4615 1218 4680 est,
1253 4615 1293 4663 ac
1335 4611 1439 4661 manu
1496 4594 1560 4667 rias
1589 4592 1703 4670 ltaliae
1742 4594 1844 4672 urbes
1873 4621 1913 4670 ac
1959 4593 2102 4671 CPolim
2141 4590 2280 4666 tandem

657 4700 883 4807 suppletum,
910 4703 969 4778 sed
1000 4703 1326 4786 membranaceum,
1343 4698 1438 4804 quod
1496 4731 1602 4780 artem
1634 4705 1723 4782 hanc
1746 4708 1989 4784 transtulerunt
2003 4761 2014 4792 ,
2028 4703 2185 4781 omniunt
2211 4703 2284 4810 ple-

658 4840 827 4890 memorat
866 4815 1051 4891 Scabtaeus
1080 4817 1114 4890 in
1144 4813 1248 4891 Sciftb
1275 4815 1437 4917 jescettim
1496 4819 1632 4894 nissime
1661 4844 1699 4895 ac
1725 4819 1800 4898 fuse
1828 4822 1899 4928 agit
1929 4818 2020 4896 idem
2051 4817 2284 4895 bartoloccius

659 4953 736 5036 pag.
783 4930 863 5026 89,
902 4952 939 5003 ut
967 4953 1001 5003 et
1040 4927 1442 5034 Oppenheimerianum,
1496 4957 1765 5009 commemorato
1794 4933 1872 5010 loco
1903 4959 1940 5038 p.-
1965 4958 2069 5034 433,
2097 4955 2204 5038 quem
2226 4955 2288 5005 ex·

660 5067 753 5115 nunc
781 5039 1121 5146 Seligmanuianum,
1149 5042 1206 5117 cui
1236 5042 1348 5118 editus
1377 5044 1441 5117 Ca·
1496 5045 1651 5121 scribunt
1680 5046 1909 5124 Chevillerius
1940 5049 1992 5121 De
2021 5044 2107 5149 orig.
2144 5068 2221 5149 typ.
2250 5068 2286 5148 p.

659 5151 791 5260 talogus
828 5151 913 5230 folio
945 5177 996 5248 54
1026 5179 1125 5229 verso
1168 5180 1344 5260 perperam
1383 5179 1442 5229 au·
1502 5161 1607 5252 264,
1632 5183 1670 5234 ac
1698 5159 1844 5236 Wolfius
1881 5184 1965 5235 tom.
1994 5164 2008 5234 l
2040 5183 2072 5262 p.
2103 5165 2283 5254 '1029¹ac

660 5291 744 5341 num
779 5291 855 5380 ,243
886 5268 1055 5374 assignat.
1084 5271 1189 5365 Quod
1212 5291 1294 5345 vero
1316 5265 1442 5344 deseri·
1497 5275 1529 5345 Il
1561 5297 1638 5377 pag.
1670 5295 1768 5370 94¹·
1806 5271 1895 5348 Vide
1924 5297 1960 5346 et
2003 5270 2047 5347 de
2076 5269 2116 5344 iis
2180 5291 2284 5344 tsserr.

659 5377 711 5454 bit
751 5379 873 5456 hzulai
912 5384 1013 5455 Seern
1050 5379 1248 5486 aghedolim
1290 5406 1385 5488 parte
1415 5405 1442 5455 ιι
1500 5409 1647 5458 nostram
1679 5383 1779 5488 prael.
1808 5388 1840 5480 S.
1872 5409 1955 5462 xvrt
1979 5408 2013 5458 et
2043 5381 2283 5488 typographo-

660 5489 720 5568 fol.
756 5491 822 5590 1⁸9,
854 5514 891 5566 ut
921 5493 1053 5601 Regiia
1075 5519 1110 5570 se
1131 5495 1264 5583 uisum,
1281 5495 1315 5571 in
1337 5519 1445 5570 mem·
1500 5522 1579 5572 rum
1608 5493 1761 5591 Iudicem
1791 5497 1834 5573 ad
1863 5497 1991 5592 calcem
2012 5493 2224 5598 subjectum.
