5222 7090
314 697 1934 816 ω,

197 1085 201 1090 ,
341 850 1035 1058 ιιιιιιιιιίιτιο
1107 909 1912 1048 Pnanurmruanrs

461 1203 546 1302 oa
580 1204 721 1299 aaa.
755 1161 1466 1298 ruroonjonraruanc
1501 1191 1809 1310 aurnuns
1880 1175 1891 1290 ζ

528 1433 779 1536 canuno.
799 1427 1079 1514 enarrare
1100 1346 1489 1510 P'nansraurra
1512 1423 1581 1508 ur
1599 1423 1734 1550 usu.

811 1646 1449 1694 m

616 1925 627 1946 ·
661 1890 804 2024 §.15
1159 1895 1350 1991 tionibus
1393 1899 1546 1988 nostris
1579 1895 1698 1986 locus
1742 1895 1957 2024 ιεΙίιιιιιιςὶ

309 2069 565 2164 Typographr‘ae
591 2069 688 2140 laus.
717 2067 773 2140 De
787 2015 955 2141 hebraicae
978 2072 1103 2164 augiae
1160 2055 1292 2120 retur·
1342 2021 1428 2116 Sed
1470 2023 1704 2116 dOlessdum
1749 2049 1812 2114 est
1844 2061 1957 2116 sum-

457 2205 499 2253 ar
527 2187 611 2254 saris
639 2203 790 2253 accurare
817 2203 948 2252 actura.
1161 2188 1331 2281 mopere
1345 2153 1556 2245 levissime
1565 2154 1834 2304 provinciam
1850 2155 1958 2248 hanc

310 2328 398 2565 Q
1159 2283 1213 2376 ab
1245 2285 1341 2375 illis
1365 2287 1632 2408 pertractari,
1664 2285 1788 2378 etiam
1822 2285 1957 2376 abus

404 2447 502 2505 uum
535 2413 670 2506 multa
703 2448 751 2506 ac
778 2412 1103 2539 praeclarissima
1161 2445 1343 2540 quorum
1376 2411 1514 2504 studia
1548 2414 1720 2535 vitaque
1754 2415 1891 2504 omnis
1910 2416 1957 2504 in

307 2571 393 2634 smt
424 2542 687 2631 hominum
675 2571 874 2651 tuventa,
901 2568 991 2632 tum
1013 2540 1108 2648 nul·
1162 2543 1315 2634 horum
1348 2537 1556 2634 librorum
1589 2541 1838 2662 cognitione
1862 2575 1961 2634 ver·

308 2670 398 2761 lum
445 2694 508 2760 est
539 2675 754 2762 communi
793 2672 1106 2762 existimatione
1162 2699 1247 2761 sata
1282 2697 1367 2775 est,
1412 2665 1686 2760 Buxtorlium
1729 2669 1959 2796 intellig0‚

306 2798 593 2924 typographia
625 2799 902 2922 praeclatius,
935 2796 1104 2888 nullum
1160 2792 1960 2921 Plantavitium,Hottingerum,Scab-

307 2927 511 3018 illustrius
535 2959 627 3050 qua
647 2957 790 3019 nostra
816 2959 957 3018 omma
977 2950 1105 3051 quot
1160 2952 1324 3038 taeum,
1372 2922 1589 3018 Wolfium
1622 2927 1699 3052 qui
1732 2925 1853 3018 hebr.
1887 2931 1960 3022 vel

307 3080 428 3204 quot·
457 3057 718 3180 cogitatione
751 3056 824 3147 vel
864 3053 1008 3146 studio
1041 3088 1105 3144 as·
1159 3051 1960 3204 rabbinicasBiblipthecasedideruut,

308 3186 537 3332 sequimur,
559 3209 819 3307 posterorum
837 3187 1106 3275 aetatitrans·
1160 3183 1290 3274 multa
1318 3183 1593 3307 praetermitti
1622 3208 1731 3308 quae
1759 3210 1876 3275 erant
1896 3221 1961 3280 re·

310 3317 557 3422 mittuntur,
589 3344 751 3438 nosque
773 3315 856 3437 ipsi
895 3314 969 3438 qui
990 3343 1106 3401 com·
1161 3307 1357 3424 ferenda,
1390 3311 1557 3403 multa
1546 3315 1729 3437 rgnorari
1761 3310 1960 3462 deinceps

310 3439 503 3534 morandi
523 3439 800 3532 diversorium
821 3477 844 3532 a
865 3471 1012 3532 natura
1030 3440 1107 3530 ha
1162 3441 1357 3548 detecta,
1390 3439 1597 3590 quaedam
1631 3446 1868 3572 praeverti,
1900 3477 1963 3536 se·

310 3570 482 3681 bemus,
514 3602 603 3659 non
641 3569 889 3680 habitandi,
932 3569 1043 3658 ad
1032 3602 1109 3658 ιιιι-
1165 3572 1252 3662 rius
1283 3569 1364 3661 alia
1397 3571 1625 3678 constitui,
1657 3595 1769 3660 certa
1802 3602 1882 3694 pro
1901 3576 1963 3664 in·

312 3698 608 3790 mortalitatem
640 3701 833 3791 nitimur.
867 3693 991 3790 Haec
1025 3730 1109 3788 uua
1165 3699 1291 3790 certis
1321 3695 1527 3806 obtrudi,
1565 3634 1666 3788 falsa
1699 3731 1779 3822 pro
1822 3704 1962 3812 veris,

310 3855 359 3918 ut
391 3829 616 3916 rectissime
648 3827 858 3918 asserebat
890 3825 1110 3938 Bodinus,
1165 3857 1300 3952 eaque
1333 3859 1444 3952 quae
1484 3809 1734 3939 traduntur,
1774 3851 1840 3917 tot
1872 3863 1962 3922 esse

313 3989 410 4045 cum
453 3954 652 4044 omnibus
693 3959 883 4046 omnium
917 3983 1109 4044 veterum
1165 3954 1352 4046 tenebris
1384 3954 1601 4064 involuta,
1634 3980 1701 4046 tot
1732 3954 1964 4050 aberratio·
2008 3963 2014 3976 '

312 4085 500 4172 inventis
532 4109 691 4172 certare
714 4078 840 4173 facile
862 4108 1023 4207 potest,
1046 4081 1111 4171 di·
1164 4084 1295 4174 nibus
1327 4086 1579 4194 commixta,
1618 4109 1663 4174 ut
1697 4081 1965 4179 doctioribus

312 4245 396 4334 gna
424 4208 477 4299 de
496 4213 614 4334 cujus
648 4213 899 4302 inventione
933 4237 1000 4301 tot
1033 4243 1112 4298 no-
1166 4209 1312 4300 harum
1344 4243 1481 4301 rerum
1518 4211 1796 4335 scriptoribus
1843 4215 1964 4306 nulla

313 4339 540 4430 bilissimae
573 4338 700 4430 urbes
726 4341 917 4429 certatim
937 4365 1111 4432 conten·
1167 4341 1331 4430 ratione
1370 4365 1567 4432 constent
1600 4372 1701 4429 vcra
1741 4337 1964 4435 hebraicae

313 4469 440 4573 dant,
483 4465 692 4592 deque
656 4500 744 4592 ejus
784 4470 978 4594 origine,
1011 4502 1112 4592 pro·
1167 4467 1484 4594 typographiae
1529 4467 1757 4594 primordia
1790 4502 1964 4564 aerato

313 4534 549 4724 gressibus,
593 4594 837 4687 auctoribus
878 4599 1111 4722 primisque
1168 4629 1338 4721 prorsus
1357 4625 1646 4722 anttqutsstma
1667 4596 1854 4722 ejusdem
1877 4634 1966 4692 mo-

313 4725 537 4816 conatibus
580 4722 805 4848 splendide
844 4757 892 4818 ae
937 4730 1112 4851 copiose
1168 4723 1730 4852 numenta,Judaeis1psis
1770 4760 1858 4816 non
1891 4763 1966 4820 ex-

313 4853 533 5002 disputent
581 4851 855 4977 quamplures
896 4880 1112 4979 praestan·
1168 4859 1302 5004 ceptis
1335 4889 1359 4944 a
1390 4857 1546 4980 quibus
1589 4889 1735 4948 eorum
1783 4890 1847 4950 res
1881 4893 1967 4948 ma.-

314 4983 460 5072 tissimi
490 4981 595 5071 viri.
640 4979 796 5101 Qui
764 5013 800 5070 st
832 5009 917 5074 tam
950 5015 1116 5074 accura-
1168 4986 1243 5105 gni
1279 4985 1511 5108 Augustini
1546 4979 1678 5075 effato
1697 4989 1864 5134 exquiri
1885 4989 1966 5112 pri·

315 5108 445 5200 tede
489 5107 701 5200 hebraicis
733 5114 852 5236 typis
885 5145 934 5201 ac
969 5113 1111 5236 primi·
1168 5143 1282 5199 mum
1315 5111 1503 5220 debent,
1536 5111 1610 5202 sed
1645 5117 1810 5204 suntin
1831 5147 1965 5204 secre-

314 5240 450 5363 geniis
481 5235 775 5329 hebraicorum
796 5238 1001 5329 librorum
1021 5237 1113 5330 edi·
1167 5239 1270 5330 tiori
1303 5238 1382 5330 hac
1415 5243 1575 5364 patriae
1598 5241 1855 5334 litteraturae
1874 5275 1965 5392 par·

175 5439 178 5446 ,
315 5363 504 5457 tionibus
536 5368 818 5490 scripsissent,
851 5395 900 5458 ut
934 5366 1114 5460 delati
1168 5393 1212 5458 te
1245 5365 1501 5459 Christianis
1533 5373 1670 5461 miuus
1706 5377 1886 5464 accurati
1919 5373 1968 5460 ac

317 5498 383 5585 nis
415 5490 624 5604 fecerant,
648 5499 734 5592 vix
767 5493 881 5587 ullus
914 5493 1114 5622 disquisi·
1168 5495 1305 5588 multo
1339 5491 1712 5621 imperfectiores.
