5146 7094
838 627 1056 698 PARS
1117 621 1454 698 TERTtA
1896 648 1967 726 ¹73

321 821 371 880 tra
398 803 457 909 qui
488 798 644 908 proditur
673 795 764 873 illius
791 794 922 883 editor,
950 794 1117 902 Iosephus
1172 795 1384 904 possidemus
1413 821 1452 872 ac
1481 825 1543 874 suo
1565 797 1643 878 loco
1662 801 1905 882 illustravimus
1932 803 1968 880 io

321 915 478 992 sacerdos
518 915 609 990 filius
652 915 693 984 tt.
733 913 834 986 Isaaci
875 909 1049 1018 Arigador
1077 935 1116 986 ac
1169 911 1426 986 Commentario
1455 910 1500 988 de
1531 937 1653 1024 typog·
1682 915 1970 993 hebraeo-ferrat.

320 1029 457 1136 reliqua·
481 1028 597 1102 omnia
625 1050 706 1100 cum
737 1022 925 1099 CPolitano
954 1023 1014 1098 illo
1034 1027 1119 1098 Pen·
1176 1047 1209 1128 p.
1249 1026 1316 1114 18,
1344 1048 1517 1130 quamque
1547 1029 1693 1136 primam
1722 1053 1793 1104 esse
1814 1053 1970 1107 auctores

324 1143 487 1218 tatenclto
514 1139 721 1216 adamussim
750 1159 966 1244 congruunt.
1011 1133 1116 1234 Quod
1174 1160 1294 1210 omnes
1321 1141 1559 1228 consentiunt,
1589 1140 1674 1217 vidit
1705 1141 1848 1218 Wollius
1877 1142 1970 1249 apud

320 1255 465 1332 Wallius
504 1253 611 1356 injicit
653 1247 825 1338 dubium,
861 1273 929 1324 non
969 1247 1035 1354 legi
1074 1245 1117 1324 ad
1174 1249 1515 1354 Oppenbeimerum‚
1553 1279 1751 1360 quaecum
1781 1256 1972 1332 tituloca·

320 1367 448 1442 calcem
491 1392 566 1444 eam
597 1362 819 1470 epigraphem
853 1387 958 1466 qnam
989 1359 1118 1466 profert
1175 1384 1263 1436 reret
1291 1360 1486 1469 legeretque
1508 1367 1572 1442 sub
1592 1367 1695 1442 tinem
1726 1366 1804 1444 libri
1834 1369 1971 1447 initium

319 1475 352 1552 le
384 1483 558 1588 Longius,
589 1476 688 1552 facile
717 1472 933 1582 dispellitur.
974 1477 1019 1546 Eat
1048 1497 1116 1548 non
1173 1497 1213 1548 ac
1250 1474 1545 1578 complementum
1582 1478 1709 1558 factum
1750 1479 1852 1558 fnisse
1883 1535 1904 1574 ‚,
1935 1485 1969 1558 in

321 1592 356 1666 in
387 1596 480 1670 calce
508 1587 800 1698 quaerendam,
846 1585 904 1682 ubi
934 1584 999 1692 legi
1031 1611 1127 1692 per-¹
1174 1584 1258 1660 urbe
1288 1589 1467 1695 Monopoli
1504 1617 1591 1697 quae
1621 1617 1671 1670 est
1701 1593 1734 1668 in
1766 1594 1890 1701 Apulia
1919 1621 1972 1672 re-

322 1729 439 1811 peram
470 1706 501 1781 le
542 1705 693 1810 Longius
721 1700 887 1787 adnotat,
926 1699 983 1772 sed
1016 1700 1048 1771 in
1078 1701 1121 1774 ti·
1176 1701 1235 1806 gni
1263 1701 1475 1804 Neapolitani
1506 1705 1709 1810 provincia,
1735 1704 1791 1780 die
1828 1735 1839 1783 1
1877 1733 1972 1784 mett·

321 1815 417 1908 tulo,
440 1819 498 1925 qui
522 1813 832 1921 inSchnlringiano
860 1809 1120 1915 exemplodee·
1175 1813 1220 1887 sis
1248 1811 1366 1886 tebeth
1404 1840 1494 1896 anno
1533 1840 1654 1894 ccnvrt
1692 1870 1715 1908 ,,
1743 1824 1846 1896 verba
1887 1821 1972 1898 haec

322 1953 394 2020 rat,
423 1935 456 2008 in
488 1931 706 2038 integerrimo
736 1951 850 2002 nostro
879 1923 997 1999 adest·
1176 1950 1265 2030 qnae
1301 1930 1447 2004 auctoris
1473 1954 1552 2004 sunt
1580 1937 1723 2038 ejusque
1751 1933 1973 2038 compositio-

670 2100 782 2174 ΠΙ
1176 2063 1255 2112 nent
1285 2038 1463 2116 evidenter
1500 2041 1689 2136 denotant,
1717 2044 1761 2121 de
1797 2045 1873 2122 libri
1903 2046 1975 2122 edi-

1176 2152 1271 2227 tione
1312 2153 1559 2258 interptetans‚
1587 2157 1680 2233 illam
1709 2160 1854 2263 Neapoli
1882 2187 1973 2237 anuo

409 2275 455 2348 R.
494 2275 604 2346 Irasci
643 2270 862 2346 Abarbanelr's
899 2267 1032 2362 Majenl
1063 2273 1120 2364 je·
1184 2287 1285 2362 1497
1326 2288 1499 2342 exaratam
1536 2267 1703 2356 credidit,
1740 2271 1974 2348 crediderum-

319 2385 449 2471 tendit,
479 2388 604 2459 Fontes
631 2389 750 2458 salutis
777 2405 834 2453 teu
857 2383 1122 2452 Commentarius
1175 2403 1243 2485 que
1272 2381 1376 2454 ceteri
1414 2380 1643 2490 bibliograplti
1683 2387 1755 2485 eins
1784 2384 1887 2461 fidem
1917 2411 1974 2462 se-

319 2503 352 2569 in
383 2499 586 2585 Danielem,
608 2505 643 2568 in
665 2525 702 2591 4.
729 2495 1117 2585 Neapolitanorum,
1175 2491 1268 2566 cuti.
1310 2494 1398 2566 Sane
1427 2492 1461 2566 in
1491 2493 1583 2571 illins
1611 2495 1841 2575 bibliothecae
1870 2503 1975 2574 Cata-

316 2611 391 2686 Chr.
420 2627 679 2685 Mccccxcm.
1173 2604 1256 2712 logo
1293 2627 1312 2676 a
1352 2605 1572 2714 Seligmanno
1609 2607 1705 2686 edito
1749 2612 1832 2687 haec
1869 2611 1975 2687 editio

408 2721 552 2798 Wolfins
582 2719 909 2826 tom.1p.633‚
949 2714 981 2791 le
1018 2717 1117 2820 Long
1176 2744 1245 2791 non
1275 2715 1424 2823 legitur,
1464 2745 1504 2795 ac
1533 2720 1622 2796 folio
1657 2749 1706 2823 27
1749 2747 1845 2820 verso
1883 2726 1974 2800 anti-

318 2854 403 2908 tom.
433 2859 461 2909 11
491 2861 525 2940 p.
556 2838 654 2934 803,
687 2831 856 2908 Maittaire
885 2855 970 2903 torn.
998 2831 1013 2902 1
1036 2851 1115 2900 nov.
1171 2829 1273 2936 quior
1301 2857 1389 2933 qnae
1419 2857 1655 2926 memoratur,
1682 2835 1788 2912 editio
1815 2858 1866 2911 est
1894 2841 1975 2911 Fer-

316 2944 371 3020 cd.
402 2972 437 3053 p·
467 2949 544 3046 645
579 2971 614 3024 et
642 2971 669 3022 v
701 2948 839 3054 portel
884 2968 916 3047 p.
949 2966 990 3041 3,
1021 2944 1116 3016 Mar·
1172 2943 1323 3018 raniensis
1353 2945 1409 3019 illa
1438 2948 1515 3020 anni
1552 2973 1679 3045 1551,
1706 2974 1809 3054 qnam
1838 2949 1975 3024 Catulo·

318 3058 432 3134 eband
463 3058 556 3166 apud
586 3061 722 3167 ipsum,
747 3058 906 3134 Clemens
939 3050 1024 3128 bibl.
1046 3079 1116 3129 cur.
1175 3084 1238 3166 gns
1267 3057 1356 3130 male
1385 3059 1603 3135 CPolitanam
1633 3059 1806 3169 appellat.

320 3171 491 3248 librorum
517 3200 583 3250 rar.
625 3197 707 3248 rom.
734 3178 749 3246 l
780 3199 814 3278 p.
846 3171 891 3254 8,
932 3166 1119 3242 Gerdesius
1196 3227 1199 3236 .
1508 3233 1612 3306 LVI
1631 3234 1647 3304 Ι

299 3285 434 3360 'Floril
462 3311 541 3394 pag.
585 3314 626 3377 1,
655 3285 818 3362 Biblioth.
847 3281 997 3358 librar.
1027 3278 1119 3356 nniv.

320 3399 445 3505 Suppl.
474 3399 542 3474 vol.
571 3404 586 3474 1
617 3426 650 3506 p.
684 3425 727 3486 2,
757 3397 863 3474 Boissi
893 3395 1018 3467 Disser·
1046 3392 1122 3466 crit.
1262 3401 1309 3472 R.
1337 3401 1453 3471 Italae
1491 3403 1627 3474 Levitae
1657 3407 1749 3476 Beth
1780 3403 1888 3488 Levi,
1917 3429 1974 3478 teu

321 3511 391 3588 vol.
419 3536 446 3586 11
477 3539 510 3618 p.
543 3515 640 3611 278.
670 3511 815 3589 wolfius
835 3510 895 3616 qni
917 3507 1121 3582 Scabtaeum
1178 3511 1316 3584 Domus
1359 3515 1472 3600 Levi,
1512 3520 1547 3586 in
1593 3541 1625 3608 4.
1663 3524 1733 3588 sine
1765 3520 1845 3590 loco
1890 3543 1975 3591 anno

319 3623 432 3732 arguit
474 3627 734 3731 compositionis
763 3649 892 3701 annum
922 3645 1002 3694 enm
1032 3643 1123 3693 anno
1180 3641 1328 3708 cesten,
1359 3627 1433 3698 Cirr.
1464 3640 1724 3702 nrccccxcvrr.

239 3799 241 3810 .
317 3735 481 3813 editionis
495 3736 764 3814 confundentem
782 3736 816 3812 io
835 3732 970 3810 Zdvach
987 3730 1128 3839 pesach,
1264 3738 1316 3810 Etr
1347 3734 1556 3814 Bartoloccio
1596 3740 1740 3816 Wolfins
1784 3763 1867 3814 tom.
1897 3745 1911 3814 1
1943 3767 1979 3846 p.

322 3850 356 3926 in
387 3848 538 3930 eundem
568 3849 642 3956 ipse
671 3873 820 3926 errorem
849 3849 964 3954 lapsus
1005 3844 1120 3921 estin
1180 3849 1259 3946 708
1291 3870 1324 3922 ct
1348 3872 1395 3928 ,111
1426 3874 1502 3956 pag.
1534 3853 1639 3951 629,
1667 3879 1712 3928 ex
1742 3853 1868 3928 Wolfio
1895 3879 1978 3930 tero

323 3961 433 4040 altero
460 3963 526 4039 hoc
556 3960 766 4039 recensendo
797 3957 1123 4064 Abarbanelisope·
1178 3959 1430 4036 acMarchand
1471 3965 1671 4040 Maittairins
1710 3991 1794 4042 tom.
1822 3973 1836 4041 l
1867 3991 1993 4054 novae.

320 4101 358 4152 re
387 4077 482 4182 qnod
510 4102 630 4153 reuera
658 4103 701 4153 eo
737 4074 815 4154 loco
844 4098 879 4150 et
914 4099 1005 4150 anno
1045 4070 1122 4148 edi·
1178 4071 1260 4150 edit.
1291 4101 1328 4180 p.
1360 4076 1433 4170 651
1477 4099 1512 4150 et
1543 4101 1567 4151 v
1598 4103 1693 4183 parte
1722 4084 1737 4152 1
1769 4105 1846 4186 pag.
1878 4103 1921 4174 5¹
1934 4103 1981 4176 5.

320 4213 396 4264 tum
437 4188 562 4266 vidisse
606 4213 641 4264 se
670 4211 811 4266 testatur
854 4189 888 4262 in
919 4186 1121 4293 Oppenbei·
1176 4187 1367 4264 falsissima
1396 4186 1530 4263 editio.
1569 4197 1698 4266 Auctor
1726 4192 1813 4266 obiit
1843 4191 1877 4264 in
1907 4195 1979 4266 Po-

320 4301 403 4380 meti
435 4301 670 4378 bibliotheca.
708 4306 817 4378 Suum
849 4300 941 4376 hunc
970 4325 1118 4376 errorem
1176 4301 1267 4378 louia
1313 4326 1404 4376 anno
1457 4305 1587 4402 1695,
1629 4328 1713 4378 teste
1764 4309 1806 4377 R·
1850 4303 1982 4383 Iacobo

295 4443 362 4494 .ex
393 4415 469 4520 ipso
498 4441 603 4520 quem
633 4413 760 4506 refert,
792 4413 1120 4492 Amstelodnmensis
1177 4414 1300 4490 Aboab
1330 4416 1363 4488 in
1394 4415 1538 4521 epistola
1567 4416 1610 4491 ad
1640 4420 1840 4524 Urtgerum‚
1862 4441 1898 4492 nt
1917 4441 1983 4491 no·
2030 4485 2033 4492 .

316 4528 477 4605 editionis
505 4528 608 4605 titulo
638 4526 820 4606 emendate
842 4553 976 4633 poterat
1002 4526 1120 4604 claris·
1179 4553 1228 4603 tat
1266 4527 1412 4605 Wolfius
1457 4530 1642 4634 posteriore
1683 4529 1784 4619 loco,
1820 4531 1980 4636 quamuis

316 4642 421 4718 simus
449 4641 522 4730 vir,
562 4643 598 4726 in
626 4668 698 4746 qno
726 4640 814 4718 liber
843 4642 923 4734 bic,
957 4662 994 4716 ut
1026 4639 1121 4744 ipse·
1177 4640 1221 4717 de
1264 4641 1384 4747 prioris
1424 4666 1520 4718 aerae
1559 4641 1701 4717 falsitate
1744 4641 1993 4750 pudendoque

317 4776 387 4830 met
415 4754 597 4842 observat.
626 4779 705 4830 ante
741 4779 846 4830 annos
878 4758 929 4854 96
969 4753 1119 4860 primum
1177 4755 1377 4830 Bartoloccii
1406 4756 1669 4832 anachronismo
1698 4756 1784 4832 nihil
1806 4757 1981 4862 subjiciat.

316 4866 429 4945 editus
468 4865 669 4944 dicebatur.
713 4869 778 4944 Hic
819 4867 973 4945 innuitur
1013 4863 1120 4942 editio
1178 4868 1281 4944 Liber
1314 4867 1371 4942 hic
1400 4869 1462 4973 qni
1503 4867 1596 4976 apud
1627 4894 1688 4944 nos
1729 4895 1849 4958 extat,
1890 4870 1979 4946 idem

316 4981 522 5080 anni3t1‚
548 5005 607 5056 seu
635 5003 883 5086 155r‚quam
907 4980 996 5056 male
1018 4979 1121 5054 CPoll
1178 5007 1228 5057 est
1258 5007 1337 5056 curn
1384 5007 1426 5055 eo
1455 5007 1561 5086 quern
1601 4980 1718 5058 subdit
1761 4983 1905 5058 Wolfins
1945 5011 1982 5060 se

316 5092 513 5170 Euxtotlius
542 5119 581 5168 ac
610 5093 795 5170 Scabtaeus
825 5117 883 5170 aut
912 5121 931 5169 a
959 5095 1123 5172 Soncina·
1180 5095 1302 5172 uidisse
1333 5097 1484 5172 Veneriis
1523 5095 1657 5172 editum
1697 5097 1789 5204 apud
1819 5101 1982 5171 Lauren-

317 5206 679 5294 tibnsBattoloccius‚
709 5229 799 5283 recte
823 5209 994 5283 Ferrariae
1023 5205 1123 5292 Plan·
1180 5211 1266 5283 tium
1296 5205 1464 5282 Ptodotto
1494 5233 1582 5283 anno
1612 5233 1712 5310 423,
1742 5209 1823 5284 Chr.
1860 5211 1983 5307 1663,
2105 5311 2106 5314 Ἴ

318 5318 462 5394 tavitius
501 5318 630 5424 aliique
675 5320 858 5426 perfectam
904 5317 1007 5397 fuisse
1047 5342 1123 5395 stat-
1182 5319 1373 5424 eademque
1402 5347 1483 5396 cum
1513 5343 1625 5395 nostra
1647 5318 1773 5396 editio.
1801 5321 1866 5399 Sed
1889 5346 1983 5398 errat

319 5453 448 5506 tunnt.
494 5435 593 5508 Hanc
633 5431 743 5538 ipsam
786 5433 978 5509 editionem
1020 5457 1125 5539 qnam
1189 5434 1224 5509 in
1254 5459 1366 5524 anno,
1407 5435 1468 5539 qui
1508 5455 1558 5508 est
1599 5435 1705 5530 426,
1743 5435 1824 5512 Chr.
1861 5437 1991 5526 1666,
