5146 7094
829 723 1399 836 nauseatus
1493 783 1496 792 2
1885 778 1935 856 m

299 963 368 1012 uon
411 962 510 1042 posse
553 957 706 1012 accurate
741 933 835 1010 illam
872 931 1088 1020 describere,
1145 935 1288 1014 notibus
1324 930 1419 1040 typis
1447 927 1640 1038 quadratis,
1675 928 1802 1036 quibus
1831 931 1935 1008 etiam

297 1074 332 1126 et
363 1074 542 1126 auctorum
572 1049 632 1153 qui
662 1049 721 1124 virt
742 1052 816 1152 ejus
844 1049 1088 1135 meminerant,
1144 1047 1178 1123 in
1198 1049 1312 1126 medio
1332 1071 1447 1124 textus
1467 1041 1660 1122 indicantur
1683 1044 1855 1150 hphtarae
1872 1071 1934 1122 seu

297 1161 472 1238 defectum
501 1159 681 1267 supplere.
713 1166 759 1237 At
789 1186 872 1237 vero
900 1184 1085 1268 postquam
1143 1161 1370 1271 Propheticae
1387 1159 1572 1248 sectiones,
1590 1182 1624 1234 et
1650 1158 1693 1234 ad
1715 1156 1843 1234 calcem
1863 1184 1938 1236 ver·

250 1333 255 1346 .
298 1275 357 1350 diu
401 1273 460 1350 sed
499 1277 646 1365 frustra,
687 1300 763 1350 eam
793 1277 1087 1381 conquisivimus,
1143 1301 1245 1352 suum
1267 1300 1421 1352 summa.
1453 1277 1594 1348 Summa
1624 1273 1728 1348 Isaiae
1761 1270 1942 1360 dissentit,

298 1391 362 1463 tria
393 1379 533 1464 tandem
564 1387 724 1494 exempla
753 1386 877 1464 studiis
899 1389 1019 1464 nostris
1040 1385 1089 1461 fe·
1145 1413 1329 1464 numerans
1368 1411 1504 1470 tantum
1543 1411 1660 1463 versus
1701 1405 1844 1462 &num
1871 1381 1938 1484 nhc

301 1501 463 1578 licissime
492 1500 687 1578 deteximus
712 1523 746 1578 et
774 1501 1009 1589 obtinuimus,
1038 1498 1090 1576 bi·
1145 1523 1226 1580 tntu
1255 1523 1423 1588 atterant,
1463 1525 1521 1574 seu
1570 1525 1697 1597 1291,
1726 1525 1766 1574 ac
1797 1524 1862 1603 pro
1890 1500 1939 1574 si-

298 1641 340 1688 na
372 1616 614 1724 integerrima,
652 1613 797 1690 alterum
827 1614 861 1688 in
884 1615 974 1692 isaia
1003 1640 1089 1690 mu·
1145 1643 1214 1723 gno
1266 1641 1439 1692 assumens
1481 1611 1691 1688 vocabulum
1735 1633 1825 1690 tesan
1872 1637 1938 1716 pro

299 1729 424 1819 tilum,
468 1727 595 1834 quibus
634 1753 798 1832 quartum
841 1727 946 1805 solius
984 1728 1089 1802 Isaiae
1149 1751 1287 1820 rasta,
1315 1729 1409 1833 quod
1441 1724 1545 1802 habet
1575 1724 1938 1810 Ezechiel,accom·

300 1841 464 1932 accedit,
501 1841 597 1948 quod
639 1841 771 1916 Ortonii
800 1841 834 1916 in
878 1840 1089 1917 bibliotheca
1146 1843 1259 1918 munis
1289 1846 1423 1918 Masora
1461 1838 1591 1916 finalis,
1633 1845 1803 1914 Notautur
1832 1838 1937 1912 etiam

299 1955 486 2056 Bodlejana
525 1955 612 2030 iuter
651 1953 757 2030 libros
785 1953 1008 2030 Seldenianos
1038 1978 1090 2029 re-
1146 1956 1301 2032 interttu
1332 1954 1427 2062 quod
1450 1951 1621 2060 singulare
1645 1949 1940 2038 acrarissimuut,

299 2069 388 2174 perit
418 2067 460 2142 cl.
489 2067 672 2158 ansius,
713 2068 746 2142 in
776 2065 1017 2144 additamentis
1045 2065 1088 2144 ad
1146 2071 1318 2146 consuetis
1358 2068 1499 2156 litteris,
1539 2069 1590 2142 ut
1615 2069 1648 2143 in
1679 2063 1939 2152 Pentateucho,

299 2181 498 2257 Kenuicotti
537 2180 819 2257 Dissertationem
849 2182 1040 2290 generalem
1071 2207 1089 2256 a

299 2320 334 2370 se
364 2320 517 2372 recusam
549 2319 626 2402 pag.
659 2321 677 2392 5
687 2320 736 2394 57
767 2294 840 2371 fuse
870 2293 913 2371 ab
942 2321 986 2372 eo
1005 2293 1091 2370 dcli·

298 2432 462 2486 neatum.
506 2408 630 2514 Incipit
661 2407 784 2517 pagina
816 2435 909 2485 versa
937 2434 957 2483 a
986 2407 1091 2482 Kim-

298 2521 369 2597 chii
405 2517 639 2627 praefatione,
668 2521 865 2628 praeposito
895 2521 998 2598 titulo
1025 2541 1091 2598 too

299 2655 412 2716 vntum*
440 2633 623 2734 majoribus
653 2632 772 2711 litteris
810 2633 983 2740 quadratis
1012 2633 1092 2710 his-

301 2747 431 2862 pgnicis
453 2771 493 2822 ac
516 2746 779 2852 pulcherrimis,
809 2747 936 2854 quibus
964 2771 998 2823 et
1028 2746 1093 2823 ini·

302 2858 394 2936 tialia
446 2859 664 2965 praefationis
714 2861 819 2937 verba
871 2860 1093 2966 primumque

303 2973 553 3048 Commentarii
582 2973 792 3050 vocabulum
821 2999 900 3050 sunt
931 2998 1092 3049 exarata.

300 3093 404 3164 Sacer
436 3111 552 3162 textus
591 3087 650 3193 qui
680 3087 832 3192 sequitur
860 3085 946 3162 folio
972 3087 1091 3162 imme-

298 3201 391 3277 diate
420 3200 595 3305 sequenti,
626 3201 825 3276 interiorem
849 3201 995 3308 paginae
1017 3227 1095 3308 par·

298 3339 366 3388 tem
398 3339 448 3388 ac.
477 3313 640 3390 linearum
671 3340 855 3390 numerum
886 3312 991 3388 modo
1021 3337 1097 3388 ma·

295 3431 430 3532 joretn,
461 3426 566 3503 modo
596 3428 766 3503 minorem
791 3448 961 3534 occupat,
987 3431 1092 3503 Com·

298 3541 488 3614 mensarios
529 3541 757 3627 exteriorem,
807 3541 961 3646 undique
1008 3566 1090 3616 eum

300 3651 539 3730 circumdans.
579 3655 674 3730 lllius
702 3654 876 3730 character
905 3651 1092 3759 quadratus

300 3767 522 3872 hispanicus,
551 3766 820 3874 elegantissimus
847 3793 927 3842 cum
955 3764 1093 3872 punctis

300 3904 334 3958 ct
363 3877 581 3966 accentibus,
619 3883 723 3982 hujus
751 3879 945 3958 rabbinicus
974 3879 1096 3986 hispa-

301 3995 396 4070 uicae
429 3992 647 4080 inflexionis,
676 4018 767 4066 nuuc
785 3993 980 4082 obsoletuS,
1001 3995 1094 4067 idem

302 4130 447 4210 uterque
478 4131 558 4179 curn
588 4129 652 4190 eo,
690 4107 750 4209 qui
780 4103 815 4179 iu
844 4105 1095 4210 Ulyssiponen·

301 4217 397 4293 sibus
414 4215 625 4292 editionibus
643 4215 865 4294 Pentateuehi
886 4217 967 4294 anni
989 4239 1085 4314 ¹49¹

298 4355 333 4408 et
351 4329 617 4406 Proverbiorum
637 4357 717 4407 curn
737 4331 997 4407 Commentario
1018 4337 1092 4406 Kav

299 4443 427 4520 veuakl
456 4445 633 4520 cernitur·
675 4451 715 4521 ln
746 4469 843 4520 textu
873 4471 974 4552 saepe
1004 4442 1095 4519 dila-

298 4581 414 4634 tantur
455 4556 609 4647 litterae,
651 4584 751 4665 saepe
791 4559 1024 4666 insigniuntur
1054 4557 1095 4632 li-

302 4671 400 4747 neola
434 4672 564 4777 caphe,
592 4671 669 4747 lteri
698 4669 805 4748 modo
828 4673 860 4747 in
884 4695 1018 4748 textum
1042 4696 1095 4746 te·

300 4786 406 4890 cipit,
436 4783 542 4860 ruodo
572 4786 702 4864 circulo
742 4784 921 4895 indigitat,
956 4813 1029 4892 quo
1059 4809 1095 4859 et

301 4898 415 4972 variae
455 4897 615 4973 codicum
660 4898 823 4975 lectiones
864 4901 897 4972 in
939 4899 1095 5006 pluribus

304 5011 389 5086 locis
420 5010 633 5097 innuuntur,
671 5013 787 5118 plures
815 5013 919 5102 alias,
959 5013 1020 5088 etsi
1050 5037 1095 5086 ex

303 5123 489 5230 hispanicis
530 5124 709 5202 codicibus
750 5129 881 5232 petita,
921 5129 1095 5202 servatio

300 5260 401 5314 textu
444 5241 478 5312 iu
510 5263 623 5314 nostra
667 5239 851 5318 collatione
895 5240 1096 5346 productas,

301 5352 392 5425 inter
421 5377 506 5454 quas
535 5353 688 5459 optimae
714 5381 754 5430 ac
783 5353 948 5430 rariores.
982 5353 1098 5428 Initia-

302 5461 346 5537 lis
376 5465 552 5568 utriusque
581 5465 661 5540 libri
699 5467 885 5569 majuscula
926 5489 961 5542 et
999 5492 1099 5542 orna-

304 5599 366 5664 ta,
393 5577 536 5682 quaevis
566 5576 690 5686 pagiua
721 5579 830 5658 habet
859 5579 999 5656 titulum
1029 5581 1100 5656 mi-

1147 2185 1316 2260 sectioues
1351 2181 1484 2258 clausae
1522 2203 1557 2256 et
1598 2205 1755 2287 apertae,
1793 2181 1939 2276 majores

1146 2323 1186 2374 ae
1216 2298 1386 2373 minores.
1415 2300 1556 2372 Constat
1585 2292 1715 2403 integra
1746 2292 1855 2367 editio
1887 2293 1939 2365 Γο-

1148 2411 1202 2487 liis
1229 2418 1330 2508 248,
1351 2434 1499 2514 quorum
1529 2433 1604 2508 ¹34
1624 2409 1744 2492 isaias,
1780 2433 1857 2501 ¹¹4
1887 2411 1940 2486 Je-

1148 2524 1272 2600 remias
1300 2547 1468 2630 occupat,
1497 2521 1630 2626 hacque
1654 2519 1847 2598 absolvitur
1863 2519 1938 2594 bre·

1149 2640 1285 2714 vissima
1314 2635 1524 2742 typographi
1555 2659 1651 2711 notat
1684 2655 1829 2713 notun:
1855 2653 1940 2710 nnn)

1152 2746 1231 2827 nna
1257 2771 1312 2827 aa*
1341 2770 1384 2825 na
1411 2767 1525 2826 naus
1553 2746 1660 2831 arabe
1687 2741 1714 2823 ‘t
1744 2768 1808 2825 avt
1837 2766 1940 2822 reas

1151 2882 1300 2942 ,rnatum
1330 2858 1414 2938 mor
1442 2913 1464 2950 „
1495 2864 1716 2966 Descriptus,
1743 2886 1802 2935 seu
1834 2883 1942 2933 excu-

1148 3004 1205 3055 sus
1246 2975 1455 3080 Ulyssipone
1499 2973 1533 3048 in
1575 2973 1681 3050 domo
1721 2971 1872 3047 doctoris
1900 2975 1940 3044 R.

1149 3088 1312 3166 Eliezeris
1340 3113 1431 3162 anno
1466 3094 1625 3162 veniendo
1655 3095 1761 3162 veniet
1790 3094 1824 3160 t'n
1864 3111 1943 3156 cart·

1150 3216 1235 3294 rico,
1264 3227 1322 3278 seu
1350 3200 1388 3274 i.
1416 3224 1512 3277 cctrt
1543 3227 1638 3277 aerae
1666 3197 1848 3275 creationis
1871 3251 1913 3283 „.

1234 3317 1363 3392 Littera
1402 3309 1427 3391 n
1472 3312 1632 3390 vocabuli
1672 3333 1771 3394 rum
1809 3335 1942 3417 puncto

1148 3431 1306 3538 superius
1346 3428 1550 3518 instruitur,
1594 3449 1631 3504 ut
1672 3425 1833 3502 innuatur
1872 3447 1941 3496 non

1148 3545 1303 3648 quinque
1333 3567 1461 3628 annos,
1500 3540 1559 3616 sed
1590 3539 1745 3646 quinque
1784 3536 1943 3612 millena-

1148 3663 1197 3732 ria
1227 3683 1266 3732 ea
1308 3655 1481 3742 iudicari,
1518 3654 1614 3761 quod
1652 3654 1686 3728 in
1733 3650 1941 3733 ludaeorum

1149 3770 1233 3845 aeris
1261 3768 1436 3846 interdum
1477 3767 1549 3844 fieti
1587 3793 1691 3874 supra
1726 3763 1945 3842 animadver-

1152 3883 1284 3958 timus.
1330 3881 1568 3982 Quamobrem
1618 3877 1779 3984 subjectis
1829 3875 1944 3954 verbis

1154 4015 1288 4074 :uvam
1317 3993 1402 4074 onor
1430 3998 1537 4095 major
1577 3991 1780 4098 supputatio
1808 3989 1947 4097 signifi·

1150 4133 1246 4184 catur
1286 4107 1379 4184 orbis
1419 4105 1572 4195 conditi,
1608 4109 1707 4209 cujus
1746 4103 1796 4179 rei
1833 4100 1945 4178 multa

1150 4242 1270 4296 erttant
1311 4220 1497 4325 exempla,
1535 4245 1575 4294 ac
1615 4217 1694 4294 bina
1732 4215 1944 4322 apertissima

1151 4335 1243 4408 solus
1272 4331 1558 4408 Kenuicottiauus
1593 4329 1706 4406 codex
1752 4346 1826 4428 57¹
1859 4352 1946 4433 sup-

1153 4445 1309 4552 peditat,
1344 4445 1378 4524 in
1419 4472 1490 4551 quo
1527 4444 1597 4521 bini
1635 4445 1715 4520 anni
1759 4465 1866 4542 5239
1909 4463 1945 4514 et

1155 4587 1262 4657 5244
1292 4559 1454 4636 dicuntur
1483 4584 1556 4636 esse
1585 4579 1700 4636 nutam
1728 4551 1832 4633 unul.
1862 4557 1947 4628 Sae-
2023 4620 2026 4628 ,

1152 4701 1196 4780 pe
1224 4675 1329 4750 etiam
1370 4674 1551 4749 assumitur
1591 4673 1701 4748 solum
1731 4667 1944 4745 vocabulum

1153 4786 1237 4866 ΝΒ
1265 4785 1310 4864 ad
1352 4785 1562 4864 innuendam
1602 4789 1767 4886 majorem
1797 4805 1832 4856 et
1861 4781 1948 4856 inte·

1152 4928 1247 5008 gram
1276 4926 1415 4988 aeram,
1458 4922 1497 4976 ut
1526 4902 1560 4976 in
1592 4897 1738 4974 Kenuie.
1766 4893 1947 4974 codicibus

1161 5039 1261 5111 151,
1292 5017 1395 5101 228,
1426 5037 1525 5114 593,
1552 5009 1596 5088 ad
1625 5037 1773 5119 quotum
1803 5010 1945 5087 classem

1152 5125 1351 5204 referendus
1379 5151 1430 5203 est
1457 5151 1493 5206 et
1532 5131 1644 5202 Keuu.
1684 5152 1757 5224 50,
1785 5127 1819 5201 in
1849 5123 1947 5222 cujus

1152 5242 1238 5348 sigla
1265 5233 1343 5320 'b‘t'b
1370 5238 1483 5316 lamed
1513 5238 1557 5317 de
1595 5239 1680 5318 total
1713 5238 1948 5342 interpretan-

1153 5353 1237 5430 dum
1257 5380 1306 5431 est
1321 5406 1332 5445 ,
1350 5353 1662 5462 intelligendttsque
1681 5377 1789 5426 annus
1821 5351 1947 5444 5087,

1155 5493 1225 5541 non
1258 5491 1389 5567 5117,
1429 5491 1468 5542 ut
1495 5464 1656 5572 intelligit
1694 5461 1944 5538 Kenuicottus.

1155 5581 1293 5658 Falsum
1321 5606 1405 5690 ergo
1433 5577 1529 5686 quod
1560 5581 1595 5655 iu
1625 5577 1755 5655 Lettico
1784 5573 1946 5654 talmudi-
