5222 7090
839 671 1398 746 PARSPRtMA
1881 699 1932 772 η

299 845 394 956 apud
413 845 459 924 cl.
478 848 745 924 lle'nnicottum.
773 847 823 920 hc
852 867 975 922 cuncta
1005 840 1092 920 haec
1233 850 1286 922 Ex
1325 844 1415 924 hisce
1453 873 1557 956 porro
1598 845 1851 928 recensionihus
1879 851 1934 930 fu·

296 959 508 1068 exemplaria
531 959 791 1036 membranacea
824 983 921 1048 sunt,
954 982 994 1034 ac
1014 983 1094 1063 pro·
1149 958 1218 1036 sior
1246 985 1296 1038 est
1324 960 1588 1068 Tychseniana,
1612 963 1651 1038 -in
1682 963 1856 1048 nonnullis
1879 989 1936 1042 ta-

298 1098 413 1182 pterea
442 1099 567 1151 cuncta
610 1097 698 1180 quae
728 1095 874 1148 aetatem
911 1069 1089 1158 ferebant,
1147 1097 1225 1148 men
1256 1099 1324 1150 non
1352 1098 1403 1150 sat
1431 1099 1611 1162 accurata,
1639 1075 1789 1182 ideoque
1808 1077 1851 1152 ad
1874 1104 1937 1154 no·

296 1187 497 1264 membrana
549 1211 621 1263 esse
669 1209 794 1260 excusa
832 1182 1089 1259 observavimus
1145 1209 1251 1262 stram
1293 1185 1383 1263 hanc
1424 1186 1662 1267 emendanda.
1706 1189 1822 1270 Editio
1863 1217 1936 1268 non

298 1301 333 1376 in
372 1299 543 1410 opusculo
586 1305 641 1375 De
680 1295 808 1406 ignotis
846 1295 1090 1402 antiquissimis
1147 1323 1299 1375 constat.
1324 1298 1415 1376 foliis
1446 1303 1550 1391 218,
1588 1300 1646 1378 sed
1681 1327 1786 1402 219,
1821 1305 1933 1410 raphd

296 1415 383 1492 sacri
426 1439 542 1492 textus
582 1410 795 1489 editionibus
833 1435 910 1518 pag.
950 1437 998 1504 4.
1044 1415 1091 1483 Αι
1147 1437 1249 1520 super
1279 1412 1407 1489 litteras
1436 1439 1506 1490 non
1536 1412 1642 1490 modo
1670 1415 1707 1490 in
1737 1416 1855 1523 primis
1884 1416 1937 1494 fo·

297 1553 383 1607 vero
412 1527 575 1635 deinceps
603 1525 683 1602 bina
709 1524 887 1599 chartacea
909 1523 942 1597 iu
968 1545 1088 1596 rnanus
1144 1524 1222 1617 liis,
1248 1523 1310 1602 sed
1350 1549 1386 1602 et
1425 1525 1461 1602 in
1496 1527 1653 1604 Levitico
1692 1555 1733 1606 ac
1774 1532 1935 1608 Numeris

296 1668 390 1719 meas
434 1642 652 1726 inciderunt,
691 1634 785 1713 aliud
813 1634 957 1743 quidem
987 1632 1087 1711 valde
1145 1637 1380 1748 conspicitur,
1422 1666 1462 1716 ac
1502 1639 1647 1746 proinde
1700 1667 1767 1716 non
1811 1642 1936 1720 falsum

270 1756 481 1855 mutilum,
520 1752 615 1862 quod
645 1750 842 1828 notavimus
871 1749 906 1825 in
935 1753 1093 1854 Appara·
1147 1777 1221 1840 est,
1249 1773 1287 1830 ut
1316 1753 1352 1828 in
1372 1779 1413 1828 ea
1434 1756 1609 1860 arguitur,
1629 1751 1687 1828 sed
1719 1755 1933 1834 ¹verissimum

295 1890 335 1946 tu
365 1865 673 1947 hebraeo-biblico
704 1888 782 1970 pag·
816 1889 888 1961 52.
915 1861 1010 1936 aliud
1039 1861 1092 1935 iss-
1147 1863 1244 1972 quod
1273 1890 1340 1976 ego
1369 1866 1452 1942 olim
1474 1867 1736 1944 observaveram
1765 1872 1819 1944 De
1838 1868 1938 1947 hebr.

297 2006 433 2092 regrum
471 1980 566 2089 quod
598 2003 636 2057 ut
675 1977 814 2054 unicum
844 1998 1087 2079 extremaeque
1144 2003 1286 2088 typogr.
1311 1979 1443 2088 origine
1471 2005 1552 2089 pag.
1582 2003 1632 2076 50
1659 2006 1738 2058 eam
1767 1981 1933 2060 lineolam

296 2095 444 2174 raritatis
474 2091 672 2172 habendum
701 2111 773 2166 est.
801 2089 936 2166 Etenim
966 2113 1088 2192 qnam·
1143 2119 1323 2170 occurrere
1348 2095 1381 2166 ia
1403 2094 1565 2169 omnibns
1593 2091 1822 2182 editionibus,
1844 2121 1934 2202 quae

297 2209 347 2287 ris
390 2207 649 2285 membranacea
691 2204 853 2310 exempla
889 2203 1089 2308 principum
1146 2206 1498 2284 Bibliaannintxotv
1517 2231 1793 2312 praecesserant.
1826 2209 1936 2310 Quod

295 2316 489 2398 editionum
533 2323 601 2398 sint
645 2342 722 2392 mss.
763 2317 846 2422 ipsis
885 2314 1011 2392 rariora
1049 2339 1089 2388 ac
1145 2344 1182 2396 et
1210 2320 1425 2396 verissimum
1456 2345 1567 2406 esset,
1595 2320 1726 2396 etiamsi
1759 2321 1832 2398 sola
1862 2325 1937 2420 ejus

298 2437 531 2543 pretiosiora,
575 2457 614 2510 nt
653 2452 744 2506 recte
784 2452 901 2505 monet
940 2424 1090 2532 Vulpius
1146 2433 1289 2540 uestigia
1319 2433 1354 2508 in
1385 2433 1505 2540 primis
1535 2432 1626 2510 foliis
1655 2458 1837 2510 extarent.
1866 2441 1939 2513 Ne-

296 2554 451 2626 Librtrla
492 2546 540 2624 de'
566 2551 671 2640 Volpt'
707 2568 787 2651 pag.
825 2565 845 2640 5
853 2569 873 2639 5
882 2565 926 2640 5,
965 2538 1090 2646 hicque
1144 2546 1217 2623 scio
1259 2570 1373 2624 autern
1403 2573 1447 2623 an
1490 2545 1681 2658 quidquam
1711 2573 1784 2626 esse
1825 2548 1935 2657 possit

296 2688 407 2760 canon
443 2665 518 2765 jure
558 2687 597 2738 ac
638 2656 762 2734 merito
801 2661 913 2765 vigeat
941 2654 977 2730 in
1008 2653 1089 2730 reli-
1145 2661 1260 2737 minus
1289 2657 1482 2738 vetum'eo
1511 2659 1606 2767 qnod
1645 2683 1742 2738 notat
1772 2657 1938 2740 doctissi-

295 2775 375 2883 quis
405 2775 636 2859 editionibus,
665 2771 699 2846 in
728 2767 857 2874 quibus
885 2766 1089 2876 paucissima
1145 2801 1223 2850 mus
1251 2772 1330 2864 nir,
1371 2798 1418 2850 ex
1446 2774 1514 2849 hoc
1542 2797 1660 2850 nostro
1699 2773 1938 2853 Pentateucho

179 2973 181 2980 ,
296 2914 377 2968 ⁵2⁰⁶
417 2888 589 2994 eiusmodi
634 2907 859 2961 numerantur
902 2880 1089 2988 exempla.
1145 2886 1391 2964 Soncinensem
1430 2886 1512 2963 anni
1550 2890 1650 2983 1488
1682 2913 1755 2965 esse
1785 2889 1938 2995 petitum

296 3026 415 3080 contra
445 3027 559 3080 tamen
599 2996 646 3075 de
675 3018 789 3074 nostra
829 2996 894 3072 hac
922 3018 973 3071 cst
1001 3019 1089 3070 con·
1145 3027 1184 3077 ac
1214 3001 1399 3076 maximam
1429 3025 1501 3075 esse
1530 2998 1617 3077 inter
1647 3024 1833 3106 utrumque
1855 3001 1939 3079 har·

295 3114 535 3208 stituendum,
563 3117 663 3217 cujus
692 3107 855 3188 undecim
884 3109 1007 3186 saltem
1036 3107 1088 3183 di·
1144 3114 1297 3192 moniam
1326 3138 1365 3187 ac
1382 3112 1667 3196 consensionem.
1694 3121 1817 3191 Noster
1839 3117 1937 3193 enim

296 3254 506 3339 gnoscuntur
544 3225 824 3311 membranacea,
859 3225 1000 3300 unicum
1029 3224 1088 3298 in·
1144 3254 1189 3304 ex
1219 3225 1397 3333 hispanico
1422 3252 1462 3302 ac
1492 3228 1718 3305 masorethico
1739 3225 1859 3306 codice
1881 3253 1934 3308 est

299 3369 434 3453 regrum
473 3341 715 3420 chartaceum.
745 3345 797 3413 Ac
833 3359 967 3442 praeter
1006 3360 1086 3424 nos,
1143 3340 1311 3431 haustus,
1349 3341 1568 3418 Soncinensis
1596 3365 1643 3416 ex
1670 3342 1869 3451 germanico
1903 3337 1940 3420 et

296 3461 357 3564 qni
387 3481 463 3534 turn
492 3457 527 3532 in
557 3449 803 3560 Disquisitione
832 3450 877 3527 de
906 3450 1086 3528 hebraicae
1142 3453 1383 3540 amasoretico,
1400 3480 1440 3530 ac
1457 3454 1608 3530 maxima
1625 3479 1675 3530 est
1693 3457 1783 3533 inter
1801 3478 1939 3532 utrum-

296 3568 551 3679 typographiae
578 3567 711 3676 origine
742 3589 775 3672 p.
812 3566 881 3652 16,
904 3587 980 3643 tunt
1002 3562 1085 3672 plu·
1139 3595 1209 3675 que
1248 3564 1441 3658 dissensio,
1479 3591 1517 3643 ut
1558 3590 1654 3673 patet
1699 3595 1745 3646 ex
1789 3591 1937 3677 utraque

295 3685 361 3760 ries
390 3681 515 3759 deinde
543 3679 586 3758 de
608 3705 721 3756 nostra
750 3679 815 3752 hac
835 3675 988 3756 editione
1008 3677 1085 3786 egi·
1140 3679 1341 3768 collatione,
1369 3680 1630 3758 Kennicottiana
1659 3707 1698 3758 ac
1720 3704 1859 3788 npstra,
1881 3683 1936 3759 lu·

297 3824 398 3885 mus,
425 3795 481 3873 alii
510 3821 579 3872 non
611 3793 709 3901 pauci
735 3792 915 3899 scriptores
934 3793 1007 3870 site
1029 3790 1089 3870 fu·
1144 3793 1399 3872 calentissime.
1444 3798 1483 3868 ln
1513 3792 1704 3902 epigraphe
1737 3819 1854 3872 aurem
1884 3819 1939 3873 se·

296 3910 391 3996 sius,
429 3907 503 3986 sive
545 3906 680 3984 brevius
718 3929 793 3982 earn
823 3929 1086 3993 recensuerunt,
1142 3909 1283 4014 quentia
1312 3909 1524 4014 corrigantur
1553 3932 1687 3999 errata,
1717 3931 1868 3990 t‘t'tannrt
1900 3909 1936 3985 in

223 4017 227 4026 ’
298 4021 516 4130 potissimum
544 4045 627 4098 vero
656 4017 803 4123 Fabricy
836 4023 944 4097 Titret
968 4029 1088 4116 primi·
1143 4041 1311 4108 Γιτὶὶιῖι,
1332 4018 1405 4098 thur
1435 4019 1470 4094 in
1499 4017 1599 4110 thori,
1620 4041 1685 4098 rus
1706 4021 1739 4096 in
1758 4043 1848 4108 tnta',
1868 4019 1936 4100 *titt

298 4137 361 4233 rifs
388 4139 429 4212 de
457 4139 491 4212 la
520 4136 698 4207 rdtdlart'ort
736 4155 821 4206 torn.
848 4136 882 4208 11
920 4161 955 4240 p.
987 4137 1088 4236 388,
1143 4135 1178 4212 iu
1208 4131 1313 4222 aba,
1340 4154 1448 4212 *noant
1485 4131 1520 4207 in
1548 4154 1676 4222 tonan,
1710 4156 1745 4209 et
1775 4133 1939 4210 restitua-

296 4248 469 4325 Maschius
512 4245 674 4323 Biblioth.
712 4269 804 4320 sacra
841 4269 927 4322 tom.
963 4251 979 4323 1
1009 4273 1087 4356 pag.
1142 4271 1199 4327 tur
1228 4247 1264 4324 in
1292 4270 1371 4323 aera
1401 4270 1563 4322 numerus
1591 4265 1747 4329 witsant
1772 4247 1942 4339 omissus,

305 4389 403 4451 122,
431 4359 650 4470 Tychsenius
679 4363 815 4466 Repert.
850 4361 972 4438 orient.
1001 4385 1085 4437 tom.
1140 4389 1213 4470 quo
1249 4357 1432 4440 deficiente
1471 4358 1612 4468 exurgit
1641 4383 1752 4436 annus
1788 4357 1936 4436 mendo-

296 4499 336 4551 vt
366 4501 444 4584 pag.
474 4477 553 4572 65,
581 4473 784 4550 Eichornius
820 4475 951 4552 Introd.
980 4476 1014 4551 in
1045 4479 1088 4554 V.
1142 4501 1199 4553 sus
1243 4499 1377 4574 5202,
1416 4471 1500 4550 Chr.
1535 4497 1659 4570 ¹442·
1703 4473 1864 4578 Denique
1894 4494 1935 4549 ut

297 4594 341 4664 T.
370 4613 452 4665 torn.
482 4593 512 4664 ll
543 4613 577 4693 p.
613 4613 709 4688 194,
738 4589 966 4668 Kennicotrus
994 4590 1083 4666 Diss.
1142 4588 1207 4666 alia
1236 4609 1470 4696 praeteream,
1500 4585 1599 4664 nullo
1634 4612 1771 4693 prorsus
1799 4584 1936 4664 funda-

296 4727 375 4809 gea.
404 4702 438 4778 in
467 4705 510 4778 V.
539 4705 584 4778 T.
623 4700 688 4779 sub
716 4727 812 4778 num.
843 4705 949 4802 256,
977 4729 1083 4808 quern
1143 4727 1262 4780 mento
1291 4702 1474 4806 conjicitur
1499 4727 1580 4810 pag.
1611 4725 1663 4800 77
1689 4701 1852 4808 exempla
1875 4698 1936 4777 he-

296 4814 345 4892 illi
373 4815 409 4892 in
438 4813 622 4892 collatione
663 4840 725 4892 sua
754 4817 959 4924 assignavit,
987 4818 1086 4894 Tira·
1142 4816 1332 4894 braicarum
1372 4813 1566 4892 editionum
1610 4839 1677 4891 sec.
1720 4837 1805 4907 att,
1848 4839 1938 4920 quae

240 5004 243 5010 .
297 4927 460 5005 boschius
481 4928 561 5004 loco
588 4928 747 5034 superius
774 4930 904 5020 allato,
925 4931 1085 5009 Denisius
1144 4929 1288 5008 initiales
1329 4928 1461 5006 litteras
1504 4929 1695 5020 omittunt,
1735 4951 1773 5005 ut
1802 4927 1842 5003 iis
1872 4925 1939 5012 mi,-

299 5049 490 5138 etnt'trturtn
517 5066 583 5118 etc.
622 5066 705 5124 tom·
735 5046 752 5117 1
788 5069 864 5153 pag.
907 5069 1012 5134 ata,
1050 5066 1087 5122 et
1145 5042 1278 5120 niandis
1307 5042 1406 5121 locus
1431 5009 1595 5130 daretur,
1625 5040 1827 5118 Christianis
1848 5038 1940 5116 fuis-

211 5243 215 5252 ,
297 5153 476 5261 Supplem.
507 5155 668 5232 Maittair.
709 5178 793 5232 tom.
820 5161 836 5233 l
867 5183 944 5266 pag.
980 5183 1081 5256 155,
1139 5183 1176 5236 se
1204 5157 1402 5245 destinata,
1431 5155 1564 5263 reliqua
1593 5154 1751 5238 ludaeis.
1782 5156 1937 5257 Utraque

296 5269 427 5344 Panzer
457 5269 581 5344 Annal.
609 5295 686 5377 typ.
716 5295 805 5347 rom.
832 5275 874 5362 1,
893 5295 1082 5379 acnuper-
1138 5271 1231 5348 enirn
1260 5271 1337 5347 solo
1366 5267 1577 5352 ludaeorum
1607 5269 1703 5355 usui,
1731 5263 1836 5372 quem
1860 5263 1939 5339 edi-

297 5379 382 5468 rirne
411 5379 632 5458 Audifredius
653 5386 688 5458 in
717 5384 868 5490 Specim.
888 5385 1083 5464 editionum
1140 5403 1230 5464 t‘ores
1278 5381 1534 5489 respiciebant,
1578 5403 1660 5455 sunt
1713 5401 1938 5464 consecrata,

297 5491 487 5571 italica-turn
516 5521 588 5572 sec.
615 5521 669 5575 xv
698 5523 774 5606 pag.
807 5522 882 5598 52.
1139 5523 1203 5584 nec
1235 5519 1281 5573 ex
1308 5521 1349 5572 ea
1377 5519 1497 5572 caussa
1525 5490 1685 5568 deriuare
1722 5511 1834 5600 potest
1863 5485 1935 5565 dis-
