5146 7094
649 771 746 847 92=
1071 746 1439 822 ANNALES
1494 747 1848 820 nnn-Tre.

647 923 813 1015 Tibbbn,
851 921 1036 1002 Kodascim
1066 927 1108 998 R.
1136 903 1441 1001 tiatiranaolis‘filn
1498 921 1532 997 in
1561 926 1633 1024 ejus
1665 921 1826 998 versionis
1866 917 2007 1010 landent,
2045 945 2166 1000 versus
2209 949 2297 999 non·

646 1045 723 1120 Jose
756 1038 904 1129 Almali,
941 1039 1064 1143 quiet
1103 1061 1203 1142 saepe
1240 1037 1282 1114 ad
1312 1036 1441 1114 calcem
1498 1035 1583 1113 nulli
1614 1041 1654 1114 li.
1682 1035 1875 1114 Salomonis
1900 1035 1962 1111 lilii
1991 1039 2091 1124 rose,
2120 1036 2296 1138 dictiben

646 1177 775 1228 annum
812 1150 989 1230 absolutae
1031 1150 1322 1258 interpretationis
1348 1149 1443 1228 desi-
1499 1149 1627 1239 Jacob,
1669 1147 1857 1230 Abrahami
1901 1147 1964 1225 filii
2012 1151 2181 1227 Samuelis
2226 1151 2296 1228 ben

645 1291 819 1374 gnorunt.
860 1267 917 1344 Sic
954 1269 994 1340 R.
1022 1264 1151 1372 loseph
1191 1263 1257 1340 ben
1288 1263 1442 1373 Alphtrdl
1498 1263 1697 1342 Abdaltnlh
1725 1285 1759 1340 et
1800 1267 1840 1340 ll.
1868 1259 1975 1339 isaaci
2014 1260 2076 1338 filii
2104 1263 2293 1348 Abrabami

650 1403 791 1456 testatur
821 1378 1015 1456 versionem
1043 1403 1139 1454 suam
1168 1375 1348 1456 absolvisse
1377 1379 1442 1457 sub
1498 1377 1565 1455 ben
1595 1377 1708 1468 losaf,
1735 1377 1796 1485 qui
1824 1375 1858 1451 in
1888 1376 1963 1454 aliis
1991 1373 2202 1456 editionibus
2229 1378 2295 1456 de-

645 1493 751 1570 finem
781 1493 907 1570 mensis
935 1493 1028 1570 sivin
1059 1493 1139 1568 anni
1173 1515 1246 1591 57,
1274 1496 1315 1568 R.
1336 1495 1441 1575 Jacob
1497 1491 1709 1570 siderantur.
1749 1496 1788 1567 In
1818 1490 1871 1566 his
1910 1489 2095 1584 omnibns,
2125 1518 2163 1570 ιιι
2192 1515 2228 1568 et
2257 1492 2294 1568 in

645 1607 712 1684 ben
745 1607 867 1685 Achsai
895 1631 986 1683 anno
1019 1609 1094 1703 58,
1124 1610 1164 1681 R.
1186 1605 1350 1684 Salomon
1373 1607 1439 1685 ben
1497 1607 1705 1714 praefatione
1733 1605 1829 1712 ipsa,
1858 1603 2131 1682 constantissime
2162 1605 2295 1684 Natha-

647 1719 751 1802 Jacob
780 1720 836 1798 die
867 1746 909 1797 111
950 1719 1079 1798 chislev
1109 1747 1201 1796 anno
1240 1721 1332 1800 orbis
1359 1750 1442 1800 con·
1497 1723 1574 1798 nael
1603 1744 1746 1799 vocatur
1787 1719 1977 1826 interpres,
2020 1745 2090 1796 non
2129 1719 2293 1814 Nathan,

644 1833 709 1910 diti
741 1837 847 1932 5058
881 1833 915 1912 in
948 1834 1032 1910 urbe
1071 1838 1357 1944 Caesaraugustae
1388 1863 1441 1913 re·
1497 1859 1534 1912 nt
1564 1835 1667 1912 habet
1694 1830 1861 1920 wolfius,
1891 1833 2171 1912 'constantissime
2200 1833 2290 1912 filins

647 1949 706 2056 gni
737 1949 964 2056 Arragoniae.
993 1954 1166 2024 Postrema
1197 1948 1281 2027 haec
1303 1975 1382 2026 nota
1404 1951 1437 2025 in
1495 1955 1591 2040 lose,
1639 1975 1707 2024 non
1747 1945 1912 2053 losephi,
1958 1969 1996 2024 ut
2046 1945 2152 2026 habet
2193 1947 2288 2024 idem

643 2067 832 2137 Mantuano
870 2062 1022 2138 editione
1064 2063 1143 2137 anni
1195 2067 1319 2160 1561,
1347 2089 1436 2170 quae
1494 2065 1661 2152 Wolfius,
1687 2062 1895 2154 Scabtaeus,
1922 2062 1956 2138 in
1987 2059 2099 2138 fronte
2131 2067 2289 2138 Mantua-

642 2173 688 2250 ad
718 2203 838 2252 manus
866 2201 938 2270 est,
967 2176 1109 2284 aliisque
1138 2202 1207 2252 non
1236 2202 1436 2284 comparet,
1492 2206 1535 2255 na
1575 2176 1704 2264 editio,
1743 2200 1778 2251 et
1815 2199 1852 2250 ιιι
1897 2174 2059 2262 videtur,
2099 2174 2288 2253 hodiernae

641 2286 702 2365 sed
735 2287 861 2397 legitur
889 2290 924 2365 in
943 2317 1034 2368 mss.
1069 2287 1269 2381 codicibus,
1297 2317 1334 2366 ιιι
1364 2318 1436 2367 ιιο-
1491 2292 1577 2370 aliae
1606 2290 1794 2380 editiones·
1823 2285 1892 2365 Sed
1921 2293 2107 2364 Mantuano
2135 2290 2201 2368 sibi
2230 2289 2294 2396 ip-

641 2427 713 2478 stro
752 2405 859 2500 984,
905 2429 1035 2510 nosque
1073 2401 1240 2480 adhunc
1279 2404 1435 2484 codicem
1490 2407 1518 2484 si
1547 2402 1777 2494 contradicit,
1806 2399 1922 2510 legens
1962 2402 1997 2478 in
2028 2403 2290 2512 textupraefa·

643 2517 811 2623 integram
840 2516 1085 2623 producimus.
1169 2585 1175 2600 .
1491 2520 1594 2598 tionis
1637 2527 1741 2606 lose,
1792 2515 1928 2624 hocque
1972 2517 2048 2623 ipso
2102 2516 2289 2596 ostendens
2397 2554 2402 2562 ·

726 2634 823 2706 Patet
853 2653 969 2708 autem
998 2657 1043 2708 ex
1072 2630 1138 2708 hac
1167 2653 1247 2708 nota
1277 2629 1434 2742 singulos
1490 2632 1624 2713 nonnisi
1654 2659 1716 2740 per
1744 2655 1894 2708 errorem
1925 2635 1958 2708 in
1996 2635 2071 2735 ejus
2101 2631 2204 2708 titolo
2230 2638 2291 2714 Jo-
2351 2685 2354 2690 -

642 2738 720 2818 illos
748 2768 854 2821 annos
883 2770 952 2820 esse
982 2744 1075 2822 orbis
1104 2745 1357 2835 conditi,sexti
1382 2749 1431 2825 vi·
1486 2746 1585 2858 sephi
1615 2771 1741 2832 nornen
1783 2745 1975 2853 irrepsisse.
2025 2744 2136 2821 Multa
2178 2745 2283 2823 etiam

640 2853 766 2933 delicet
796 2855 996 2948 millenarii,
1038 2884 1107 2934 non
1147 2885 1244 2940 aerae
1282 2887 1430 2938 contra-
1488 2864 1546 2940 hic
1573 2886 1691 2940 extant
1721 2857 1796 2936 loca
1832 2859 1866 2935 in
1896 2853 2063 2938 Salredrin
2094 2882 2129 2934 et
2159 2856 2284 2936 Avodai
2322 2945 2327 2956 1

645 2993 791 3060 eruum,
834 2995 873 3048 ut
917 2972 960 3050 de
998 2973 1113 3080 primo
1156 2973 1215 3050 illo
1258 3003 1349 3053 anno
1381 3003 1430 3078 57
1492 2981 1570 3056 zara
1589 2981 1624 3055 in
1646 2973 1720 3052 a'liis
1736 2971 1945 3052 editionibus
1965 2971 2098 3048 sublata
2127 2972 2185 3050 vel
2208 2998 2285 3049 mu·

646 3083 763 3160 scribit
791 3087 983 3163 Pocockius
1011 3110 1045 3163 et
1073 3087 1219 3166 Wolfius
1242 3116 1325 3168 tom.
1354 3097 1369 3166 1
1399 3119 1434 3200 p.
1492 3115 1585 3182 tata,
1608 3112 1816 3198 magnaque
1845 3086 2004 3164 lectionis
2033 3086 2176 3163 varietas
2204 3111 2284 3162 tum

647 3197 752 3299 838.
795 3199 902 3299 Quod
931 3200 1046 3277 nescio
1075 3225 1120 3277 ex
1148 3229 1220 3309 quo
1248 3202 1343 3284 fonte
1372 3229 1432 3283 aut
1489 3207 1524 3284 in
1554 3205 1705 3283 Misenae
1735 3225 1853 3288 textu,
1893 3226 1967 3278 tum
1997 3202 2031 3276 in
2064 3199 2284 3277 Maimonidis

640 3335 686 3387 ex
715 3339 784 3418 qua
812 3312 965 3390 editione
995 3313 1030 3416 bi
1060 3339 1217 3394 auctores
1246 3317 1438 3410 hauserint,
1488 3316 1765 3403 Commentario,
1782 3314 1826 3392 de
1842 3317 1939 3416 cujus
1953 3312 2162 3392 editionibus
2182 3339 2286 3423 agens

641 3448 723 3499 narn
754 3427 976 3533 Neapolitana
995 3453 1108 3504 nostra
1125 3431 1434 3512 vocabulum'con·
1491 3435 1637 3512 Wolfius
1663 3431 1728 3508 sub
1763 3427 1992 3519 Maimonitle,
2021 3427 2286 3534 Neapolitanam

641 3559 814 3615 tractuum
844 3541 996 3631 omittit,
1023 3529 1222 3620 nec'ullam
1243 3573 1356 3625 aeram
1376 3549 1435 3626 tle·
1492 3572 1662 3638 nostram,
1690 3541 1785 3651 quod
1815 3541 1964 3631 mirum,
1991 3565 2159 3649 perpetuo
2182 3541 2285 3616 ornit-

639 3648 743 3739 finit,
785 3676 849 3728 nec
878 3654 949 3730 ulla
989 3679 1040 3731 est
1075 3655 1183 3747 ratio,
1224 3687 1287 3738 cnr
1327 3689 1436 3738 annus
1492 3662 1553 3755 tit,
1580 3658 1707 3737 oblitus
1734 3682 1855 3734 eorum
1884 3682 1974 3762 qnae
2012 3656 2049 3730 in
2078 3680 2105 3730 ιι
2137 3654 2286 3732 volumi-

641 3760 701 3838 hic
729 3761 774 3841 de
802 3790 879 3842 aera
914 3791 1151 3846 contractuum
1182 3769 1307 3850 debeat
1335 3775 1435 3852 intel·
1492 3801 1535 3852 ne
1563 3775 1745 3881 scripserat
1782 3770 1989 3846 'Misenicum
2020 3768 2121 3870 hujus
2150 3767 2284 3846 editio-
2371 3797 2373 3802 ·

642 3873 727 3982 ligi,
764 3878 886 3985 reliqui
924 3877 969 3956 de
1006 3883 1202 3959 communi.
1238 3892 1294 3963 lta
1322 3915 1432 3994 quum
1491 3889 1544 3964 nis
1574 3911 1709 3964 textum
1738 3909 1781 3961 eo
1816 3883 2074 3962 Commentario
2101 3881 2203 3959 fuisse
2233 3883 2286 3959 in·

642 3988 678 4065 in
714 3992 926 4097 praefatione
964 4020 1023 4070 sua
1063 4019 1206 4075 testatur
1248 4002 1435 4080 Nathanael
1490 4026 1690 4080 structum.

644 4103 772 4183 Almali
803 4111 842 4183 R.
871 4105 1010 4184 Simchai
1039 4113 1211 4188 Romanae
1240 4141 1435 4227 synagogae
1813 4172 1971 4245 XLIV

640 4217 794 4329 legatum
833 4226 1134 4333 Caesaraugustam
1175 4230 1367 4334 pervenisse
1386 4259 1435 4332 'ac
1654 4320 1656 4324 ,

640 4333 834 4413 versionem
865 4335 1000 4442 petiisse
1029 4363 1118 4415 anno
1152 4367 1225 4440 57,
1251 4369 1320 4420 non
1354 4369 1433 4443 50,
1562 4347 1747 4422 Proverbia
1775 4345 1967 4416 Salomonis
2007 4361 2082 4412 curn
2112 4339 2287 4420 chaldaica

639 4473 679 4526 ut
708 4449 873 4529 mendose
903 4448 1006 4528 habet
1035 4454 1248 4547 PocockiuS,
1283 4457 1432 4536 dubium
1488 4462 1697 4552 Paroplrrosi
1737 4481 1778 4527 ac
1817 4459 2067 4530 Commentariis
2106 4456 2153 4526 lt.
2197 4447 2287 4524 Levi
2315 4495 2324 4504 ·

639 4590 709 4642 non
739 4587 811 4657 est,
845 4564 931 4668 quin
961 4565 1006 4640 dc
1035 4569 1158 4644 minori
1187 4573 1432 4676 supputatione
1492 4573 1687 4648 Gersortr'dr's
1716 4592 1747 4641 er
1775 4572 1823 4642 lt.
1852 4569 2048 4639 Meneclem
2086 4563 2216 4650 Μιίιὶ,
2249 4569 2284 4633 in

638 4703 736 4756 aerae
764 4677 944 4754 creationis
972 4678 1015 4754 sit
1036 4679 1300 4790 intelligendnS,
1321 4711 1357 4762 nt
1380 4687 1438 4763 in··
1483 4689 1552 4782 sol.
1579 4691 1649 4759 sine
1679 4687 1777 4770 loco,
1805 4685 1864 4757 sed
1893 4682 2045 4768 Leirtae,
2075 4705 2131 4752 an.
2160 4694 2286 4764 cem,

636 4787 810 4902 telligendi
853 4815 932 4866 sunt
989 4787 1143 4869 auctores
1186 4796 1342 4876 inchasin
1391 4824 1427 4877 et
1488 4803 1614 4877 Christi
1640 4813 1895 4872 Μεεσωιειι.Δ

636 4902 849 4991 Scalsceled,
876 4902 936 5008 qui
975 4931 1118 4982 monent
1147 4933 1189 4983 eo
1218 4935 1305 4987 anno
1338 4915 1428 4990 Aris·
1569 4915 1606 4985 ln
1638 4907 1753 4984 medio
1781 4933 1846 4985 stat
1888 4927 2032 5012 uterque
2061 4928 2201 4992 textus,
2228 4926 2284 4976 sa-

632 5023 688 5101 bi.
721 5045 782 5098 seu
833 5023 871 5094 R.
916 5016 1135 5095 Salomonem
1181 5021 1246 5098 ben
1291 5023 1429 5105 ndered
1487 5049 1544 5100 cer
1573 5050 1611 5100 ac
1640 5022 1871 5131 targumicus,
1911 5019 1999 5096 binis
2026 5017 2197 5096 columnis
2229 5012 2283 5090 di·

633 5129 856 5214 Mnimonidis
884 5133 1159 5210 Commentarios
1189 5137 1224 5211 in
1246 5139 1428 5220 ,Miscndm
1488 5136 1571 5224 visi,
1588 5138 1645 5215 ille
1664 5135 1806 5243 qttitlern
1829 5135 1950 5239 majori
1978 5133 2174 5210 charactere
2194 5153 2282 5236 qua·

632 5251 794 5330 hebraice
824 5244 1006 5323 vertendos
1034 5273 1186 5338 curasse,
1215 5275 1284 5326 non
1306 5252 1351 5329 de
1373 5279 1429 5332 ae·
1484 5249 1586 5330 drato
1624 5249 1802 5356 hispanico
1830 5271 1867 5327 et
1884 5247 2094 5334 luculento,
2125 5244 2183 5322 hic
2211 5241 2283 5316 mi·

633 5393 668 5448 ra
696 5386 957 5446 contractuum,
987 5386 1024 5436 ut
1055 5361 1145 5438 male
1174 5363 1297 5444 iterum
1321 5371 1430 5443 Poco·
1486 5355 1586 5455 nori,
1624 5364 1727 5440 ambo
1757 5365 1893 5471 punctis
1934 5359 2112 5439 vocalibus
2150 5381 2185 5457 et
2215 5379 2282 5431 at*-

632 5480 732 5556 cltius
763 5477 1025 5581 interpretatur.
1053 5474 1273 5558 Nathanae'lis
1301 5481 1433 5588 praefa-
1488 5477 1646 5558 centibus
1675 5477 1853 5570 instructi,
1881 5477 1964 5554 hinc
1993 5474 2073 5553 inde
2100 5467 2282 5549 rabbinico

633 5593 719 5668 tioni
760 5591 1026 5700 praemittuntur
1053 5589 1089 5672 in
1117 5615 1235 5672 nostra
1274 5593 1431 5675 editione
1489 5591 1683 5704 hispanicae
1713 5591 1904 5670 inflexionis
1926 5591 1998 5669 bini
2021 5583 2218 5668 Gcrsonidis
2240 5609 2283 5660 ac
