5146 7094
639 751 690 832 82
1065 749 1442 854 33333333
1500 749 1853 825 nan-Tru.

630 933 685 1014 nir
713 935 823 1038 justus
851 953 887 1008 et
915 930 1081 1038 purusRL
1102 925 1287 1018 Eliezer,'
1278 949 1305 1000 rs
1325 952 1422 1003 oem-
1477 925 1537 1004 ubi
1566 951 1647 1001 cum
1678 924 1832 1031 pluribus
1862 949 1939 1002 mss.
1979 923 2157 1007 codicibus
2186 927 2272 1006 utri·

631 1073 676 1157 pe
706 1047 742 1123 in
770 1048 868 1150 cnjus
895 1040 1003 1120 domo
1032 1065 1141 1118 erecta
1170 1063 1222 1117 est
1250 1063 1422 1148 typogra-
1479 1066 1586 1146 usque
1639 1039 1853 1130 collationis,
1902 1043 2186 1122 Kennicottianae
2231 1069 2273 1120 ac

631 1161 713 1272 phia
742 1184 776 1237 et
805 1159 923 1236 excttsi
961 1153 1204 1233 Nachmanidis
1233 1156 1424 1228 6333333-
1481 1179 1600 1242 meae,
1629 1179 1710 1230 cum
1751 1155 1867 1230 Bibliis
1895 1155 2044 1263 antiquis
2086 1156 2159 1233 sine
2187 1183 2279 1234 anno

631 1277 738 1352 tarius
768 1272 848 1348 anni
887 1273 988 1370 1489
1019 1293 1053 1345 et
1084 1267 1304 1344 drudrahant
1335 1273 1425 1370 ejus·
1480 1291 1515 1346 et
1545 1266 1644 1360 loco,
1673 1268 1885 1345 Samaritano
1917 1293 2040 1358 ternu,
2066 1275 2180 1363 Lxx,
2210 1275 2278 1378 Sy-

631 1385 714 1465 dem
757 1383 858 1473 anni,
897 1385 1023 1462 librum
1064 1381 1208 1460 huuc
1200 1383 1426 1487 impressisse,
1482 1408 1541 1469 ro,
1571 1382 1744 1458 Chaldaeo
1780 1409 1820 1458 ac
1863 1382 1939 1460 loco
1984 1383 2147 1490 parallelo
2190 1389 2278 1462 Dan.

632 1501 718 1579 liber
746 1529 829 1580 uero
859 1500 931 1638 ipse

745 1635 808 1693 333
838 1615 906 1690 nm
933 1631 1003 1690 333
1030 1630 1180 1688 norsum
1208 1607 1317 1687 nius

775 1723 898 1806 :soie
926 1722 976 1810 ns
1006 1749 1062 1806 tut
1094 1719 1214 1800 :teis
1241 1721 1316 1800 etin

631 1894 655 1938 „
684 1841 872 1918 Absolutus
892 1841 1099 1948 Ulyssipone
1118 1863 1208 1913 auno
1226 1860 1306 1913 ccut
1329 1857 1424 1908 meu·

746 1981 781 2030 se
811 1981 878 2042 av,

632 2126 655 2160 „
681 2071 809 2146 Tribus
838 2095 876 2143 ac
905 2062 1064 2156 duobus,
1094 2088 1154 2142 serr
1184 2087 1212 2136 tr
1240 2061 1272 2138 ei
1301 2087 1423 2168 super·

743 2181 868 2260 additis
897 2181 1112 2256 millenariis.

631 2296 781 2373 initiales
810 2297 941 2399 primae
969 2294 1152 2370 columnae
1181 2288 1265 2365 daur
1295 2314 1421 2364 nomen

631 2408 861 2502 33333331
894 2431 963 2508 non
1002 2429 1040 2486 m
1080 2429 1132 2482 ιιι
1174 2409 1323 2480 Davidis
1355 2409 1424 2496 filii

632 2529 773 2620 losephi
801 2529 859 2598 heo
902 2529 1022 2600 Iethia
1050 2547 1147 2622 quem
1177 2524 1274 2598 Deus
1313 2543 1424 2592 cttsto·

630 2643 725 2728 diat,
754 2642 828 2732 eius
857 2635 1015 2712 videlicet
1041 2637 1101 2742 qni
1124 2631 1347 2740 epigraphem
1372 2633 1423 2734 ip·

630 2777 704 2831 sam
741 2751 936 2856 composuit
979 2774 1014 2824 et
1045 2773 1081 2823 ut
1113 2747 1274 2834 videtur,
1305 2743 1425 2848 plegn-

631 2863 682 2939 las
712 2863 929 2938 emendarit.
957 2863 1024 2938 ilic
1050 2861 1142 2936 idem
1166 2858 1277 2934 Darid
1305 2856 1350 2932 fil.
1371 2862 1426 2937 Io-

630 2977 730 3082 sephi
763 2978 828 3051 ben
868 2977 980 3060 Jacltia
1009 2977 1086 3052 fuso
1114 2973 1265 3050 carmine
1295 2971 1422 3046 lauda-

630 3091 680 3168 rit
711 3091 930 3166 CPolitanam
969 3090 1157 3165 editionem
1188 3087 1302 3190 magni
1332 3085 1424 3158 Mai·

1483 1521 1553 1571 vtrr
1595 1521 1614 1598 3
1656 1495 1741 1604 legit
1780 1517 1848 1573 333
1886 1523 1946 1604 per
1985 1496 2124 1573 daleth.
2165 1503 2277 1604 Saepe

1485 1612 1588 1686 etiam
1618 1606 1789 1715 discrepat
1828 1612 2051 1702 Onkelosus,
2095 1635 2131 1688 ut
2170 1613 2279 1690 fidem

1485 1724 1616 1800 1331333
1660 1723 1781 1800 Variae
1823 1751 1954 1800 nostrae
1999 1727 2200 1814 Lectiones,
2242 1749 2278 1802 et

1481 1837 1660 1920 Jatchius.
1707 1839 1907 1914 Paucissima
1962 1864 2109 1915 aetutem
2162 1839 2276 1916 adhuc

1480 1952 1569 2028 ferre
1606 1976 1639 2024 et
1686 1951 1819 2058 singula
1868 1955 2130 2030 membranacea
2175 1954 2277 2056 hujus

1478 2065 1638 2142 editionis
1675 2064 1836 2172 exempla
1879 2067 1963 2142 olim
1994 2069 2209 2176 conscripsi,
2239 2094 2278 2144 ac

1480 2179 1737 2256 membranacea
1777 2205 1856 2254 sane
1896 2204 1975 2255 sunt
2017 2207 2139 2258 cuncta
2185 2206 2276 2286 quae

1479 2293 1799 2402 dignoscebantur,
1855 2295 2065 2380 Parisiense,
2112 2293 2275 2400 Bodleia-

1480 2434 1591 2494 num,
1630 2432 1669 2482 ac
1701 2407 1777 2482 bina
1810 2433 1911 2496 mea,
1947 2435 2095 2514 qnorum
2126 2408 2272 2485 alterum

1480 2521 1852 2629 magnificentissimum
1912 2525 2071 2614 retinui,
2125 2521 2272 2600 alterutn

1482 2637 1737 2710 Crevennianae
1767 2635 1997 2714 Bibliothecae
2026 2637 2205 2724 concessi,
2237 2660 2274 2712 et

1482 2746 1555 2824 duo
1583 2746 1644 2824 alia
1673 2773 1761 2854 quae
1783 2753 1824 2824 cl.
1850 2751 2015 2825 Canonici
2037 2776 2078 2826 ac
2104 2753 2172 2826 ros
2197 2778 2278 2858 pos·

1483 2859 1617 2936 sitient.
1646 2866 1692 2937 Αι
1723 2887 1806 2936 vero
1845 2863 1924 2938 bina
1965 2868 2064 2941 etiam
2095 2863 2274 2941 chartacea

1480 2975 1642 3106 deinceps
1670 3001 1873 3055 consecutus
1901 3001 2000 3063 snm,
2026 2977 2169 3055 alterum
2203 2979 2274 3056 fere

1482 3090 1676 3194 integrum,
1705 3089 1847 3164 alterurn
1881 3089 1979 3168 valde
2009 3093 2189 3168 mutilum.
2219 3098 2276 3170 Ex

630 3203 784 3279 mootdrs
800 3230 912 3309 opens
933 3203 991 3286 lad
1008 3202 1177 3279 tharacha
1201 3198 1278 3273 anni
1306 3221 1427 3295 1509,
1482 3205 1589 3304 Retio
1620 3204 1814 3281 Britannico
1854 3203 1949 3312 qnod
1992 3229 2168 3310 tamqnam
2207 3233 2272 3284 ms·

629 3343 675 3396 ex
717 3344 788 3424 qno
830 3317 1030 3422 intelligitur
1073 3341 1155 3388 enrn
1193 3337 1212 3388 e
1252 3311 1423 3388 Lusitania
1482 3316 1697 3404 habebatur,
1727 3317 1893 3395 variantes
1933 3316 2110 3426 colleuisse
2151 3345 2187 3396 se
2217 3345 2275 3396 te·

630 3457 712 3508 cum
742 3429 882 3532 reliquis
910 3429 1071 3504 omnibus
1091 3453 1170 3502 suae
1194 3425 1341 3499 nationis
1363 3451 1424 3500 ert·
1479 3452 1586 3505 statur
1629 3429 1895 3510 Kennieottus
1887 3456 1919 3504 m
1952 3435 2048 3508 Statu
2079 3432 2273 3514 collationis

558 3617 561 3630 ,
630 3543 772 3652 pulsnm
822 3543 963 3618 CPolim
1007 3566 1043 3617 se
1087 3541 1299 3616 contulisse.
1348 3538 1423 3614 Sub
1482 3568 1536 3616 an.
1574 3545 1699 3644 1767,
1738 3545 1862 3652 quiet
1903 3571 2085 3623 numerum
2129 3547 2249 3625 261
2239 3573 2275 3622 m

630 3659 734 3733 finem
766 3680 900 3731 nostrae
936 3647 1133 3763 epigraphis
1175 3677 1300 3726 nomeu
1329 3649 1423 3727 aliud
1482 3655 1705 3738 collatione
1696 3681 1767 3766 rpsa
1798 3655 1844 3732 illi
1873 3659 2078 3768 assignavit.

631 3768 808 3848 rabbinico
837 3769 1034 3844 charactere
1055 3791 1148 3842 extat
1169 3763 1422 3869 iosephio
1336 3762 1422 3856 nobo

630 3881 861 3988 Clralphnnii,
891 3880 946 3959 rel
977 3879 1160 3987 Chalpon‚
1186 3879 1244 3985 qui
1268 3904 1357 3955 uuus
1377 3905 1423 3956 ex

630 3995 882 4075 correctoribus
928 3994 981 4074 tel
1023 3994 1212 4070 artificibus
1258 4015 1331 4068 esse
1368 3995 1423 4070 rti-
1563 4003 1815 4076 Pentateuchns
1844 4027 1918 4073 cunr
1949 4007 2081 4079 Jarchit'
2110 4007 2281 4082 Commen-

629 4113 754 4188 detur.
1187 4185 1189 4190 ,
1485 4122 1600 4199 tario,
1638 4135 1665 4190 V
1692 4117 1920 4214 inspirasti,
1947 4143 2004 4192 sert
2035 4123 2172 4192 cantito
2201 4145 2276 4192 cart·

717 4225 838 4322 Quum
868 4248 1022 4298 summae
1050 4221 1260 4299 auctoritatis
1288 4243 1323 4296 et
1344 4219 1425 4296 fidei
1483 4233 1646 4312 cicorum,
1668 4223 1792 4316 Ruth,
1820 4232 1985 4316 Thrtois,
2017 4233 2216 4304 Ecclesiaste
2245 4257 2278 4306 et

630 4339 696 4415 sint
728 4337 820 4444 apud
845 4337 989 4416 ludaeos
1011 4335 1180 4442 hispanici
1202 4333 1360 4427 codices,
1379 4360 1424 4410 ex
1485 4343 1631 4428 Esther,
1662 4345 1883 4437 Aphtsrtlth‚
1906 4369 1962 4416 seu
1985 4327 2196 4435 Propheticis
2230 4349 2278 4417 le-

629 4453 757 4558 quibus
787 4451 871 4526 haec
901 4450 1010 4526 editio
1039 4475 1090 4527 est
1121 4451 1266 4540 hausta,
1293 4473 1329 4524 et
1350 4447 1424 4524 edi·
1479 4459 1642 4528 ttiont'bus
1671 4481 1704 4528 ιι
1732 4459 1897 4533 Antiochi
1930 4459 2132 4540 Volutnirte,
2156 4460 2277 4552 insol.

629 4567 702 4642 tio
713 4565 785 4670 ipsa
818 4563 969 4640 maxima
1005 4562 1188 4692 diligentia
1230 4561 1426 4653 elaborata,
1483 4576 1562 4640 min.
1604 4573 1655 4641 tel
1694 4599 1730 4663 4.
1770 4575 1848 4657 maj.
1890 4571 2037 4662 Neapoli
2080 4595 2132 4643 att.
2169 4586 2276 4659 ccii,

629 4677 848 4783 gravissimae
878 4677 1012 4782 apud
1002 4701 1094 4804 ipsos
1122 4676 1336 4752 auctoritatis
1353 4701 1424 4766 est,
1486 4684 1610 4758 Christi
1637 4701 1847 4756 Mccccxcr.

630 4817 670 4866 ac
701 4791 845 4865 Norzius
873 4790 934 4918 qui
964 4814 1002 4864 ea
1033 4789 1138 4866 utitur
1169 4791 1203 4864 13
1233 4791 1426 4864 Commen-
1569 4794 1637 4870 Vix
1667 4799 1797 4871 Romae
1824 4793 1980 4871 detectus
2016 4815 2067 4870 est
2098 4793 2155 4869 hic
2185 4797 2277 4870 Pen-

629 4904 717 4980 tario
746 4928 809 4978 sno
839 4903 959 4978 critico
981 4902 1014 4975 in
1037 4927 1165 4978 sacram
1195 4903 1427 5008 Stuiptutatn,
1483 4905 1661 4984 tatenclrus
1704 4933 1801 4984 antea
1845 4909 1983 5016 ignotus
2024 4929 2058 4981 et
2099 4933 2277 4983 extremae

630 5015 795 5096 Minchid
826 5015 896 5092 sciti
925 5016 1113 5122 inscripto,
1147 5017 1188 5092 ad
1229 5017 1337 5090 Exod.
1366 5042 1422 5093 xx
1480 5020 1652 5110 raritatis,
1689 5019 1783 5126 quod
1824 5047 1955 5098 uoturn
1997 5020 2102 5094 hoc
2093 5046 2274 5097 turcotum

637 5159 686 5226 ¹4
725 5153 815 5205 earn
840 5127 992 5235 appellat
1034 5129 1172 5206 nomine
1213 5151 1304 5225 3333
1343 5152 1424 5208 oroi
1480 5131 1544 5206 snb
1581 5133 1683 5208 finem
1722 5133 1966 5212 Commentatii
2006 5137 2111 5210 nostri
2140 5134 2184 5210 de
2214 5159 2275 5241 ty·

629 5240 807 5323 5333333
846 5251 1100 5320 correctissimse
1138 5249 1292 5318 editionis
1321 5250 1423 5352 Lusi·
1482 5247 1669 5355 pograplria
1692 5246 2057 5326 hebraeo-ferrariensi
2080 5247 2192 5322 doctis
2215 5273 2274 5350 pa·

629 5369 779 5434 tetricae.
820 5357 968 5434 Dissidet
1016 5379 1131 5433 tameu
1173 5356 1360 5464 aliquando
1403 5385 1422 5433 a
1481 5359 1677 5436 tesecimus.
1707 5365 1794 5436 Eum
1824 5361 1926 5436 etiam
1957 5359 2118 5466 deinceps
2141 5383 2212 5435 tum
2237 5364 2273 5437 iu

630 5473 851 5548 masoretico
863 5496 986 5556 textu,
1014 5471 1140 5560 etiam,
1163 5471 1257 5576 quod
1279 5477 1421 5558 mirnnr,
1480 5475 1681 5579 Appendice
1721 5473 1764 5550 ad
1795 5473 2044 5550 bibliothecam
2074 5499 2203 5550 sacram
2240 5475 2274 5552 le

631 5585 666 5660 13
694 5586 843 5696 graviori
872 5585 1039 5677 lectione,
1069 5611 1106 5664 ut
1127 5589 1216 5666 Gen.
1237 5611 1323 5664 xxrr
1354 5611 1422 5687 13,
1478 5588 1635 5698 Longio-
1613 5588 1893 5678 -Maschiauam,
1922 5611 1996 5664 tum
2026 5588 2061 5664 iu
2092 5594 2273 5695 Apparatu

1746 3833 2014 3906 XXXVIII
