5222 7090
797 713 873 785 DE
910 717 1032 786 ΗΕΒ.
1093 717 1210 790 Tr'r’.
1249 714 1478 789 ORIGINE
1889 730 1971 788 ΧΙΧ

319 921 364 980 ea
400 914 534 980 aetate
558 884 671 975 ‘heb-
702 887 1014 1014 typographiae
1036 921 1120 978 erc·
1176 891 1222 976 in
1276 885 1537 979 illustrandis
1587 883 1831 977 Annalibus
1876 911 1972 1012 typ.

316 1045 407 1109 ctae
450 1043 576 1124 sunt,
610 1049 718 1142 quae
755 1018 876 1108 brevi
911 1015 1113 1140 perdura·
1174 1015 1535 1140 diligentissimam
1578 1047 1747 1140 operam
1797 1020 1969 1142 posuit,

317 1175 437 1250 runt,
470 1145 592 1269 pauci
621 1143 726 1235 editi
748 1145 871 1256 libri,
892 1178 1020 1270 pauca
1042 1147 1113 1234 im·
1168 1169 1343 1236 testatur
1386 1179 1429 1235 se
1477 1147 1738 1270 paucissimas
1785 1145 1966 1255 vidisse,
2090 1196 2094 1202 ·

314 1307 452 1400 pressa
484 1272 1000 1396 exemplaria,cltartacea
1020 1273 1111 1398 ple·
1169 1303 1212 1366 et
1260 1277 1529 1398 paucissimae
1578 1270 1773 1399 profecto
1820 1303 1966 1365 extant

311 1435 466 1528 raque,
513 1433 697 1528 quorum
744 1405 923 1496 maxima
975 1404 1112 1492 statim
1169 1405 1214 1491 in
1258 1402 1593 1493 instructioribus
1626 1405 1864 1526 principum
1898 1402 1965 1492 bi-

313 1532 502 1657 undique
535 1531 595 1621 ob
628 1565 759 1658 grave
792 1565 883 1622 mss.
914 1530 1110 1622 codicum
1169 1531 1419 1642 bliothecis,
1450 1535 1575 1620 etiam
1595 1533 1640 1621 in
1663 1533 1712 1619 iis
1740 1563 1846 1656 quae
1866 1529 1966 1622 heb.

312 1661 494 1784 pretium
527 1693 551 1750 a
577 1657 751 1755 Judaeis
783 1657 893 1752 facta
925 1687 986 1752 est
1014 1693 1112 1752 con·
1167 1659 1385 1752 codicibus
1419 1663 1550 1786 magis
1582 1659 1819 1751 abundant·
1853 1658 1962 1750 Sunt

311 1791 511 1913 quisitio,
553 1792 756 1882 maximus
800 1791 963 1916 ubique
1013 1823 1107 1881 usus
1164 1793 1276 1906 enim
1309 1788 1519 1880 editiones
1549 1813 1716 1880 nostrae
1743 1821 1837 1879 mss.
1862 1789 1964 1912 ipsis

311 1943 354 2010 et
386 1922 677 2042 consumptio.
726 1917 862 2043 Saepe
914 1917 1108 2042 exempla
1166 1916 1301 2007 multo
1334 1920 1538 2008 rariores.
1586 1915 1721 2037 Quod
1761 1948 1889 2039 porro
1932 1920 1964 2006 ii

313 2047 403 2168 ipsa
434 2080 540 2173 quae
572 2074 683 2140 aetas
725 2077 768 2140 et
801 2077 965 2172 tempus
998 2045 1108 2138 edax
1163 2049 1248 2136 uiri
1298 2052 1549 2138 auctoritate
1599 2080 1672 2136 sua
1727 2045 1963 2168 plenissime

312 2204 609 2286 servaverant,
642 2173 776 2268 fatum
807 2175 925 2268 aliud
958 2208 1110 2299 exper-
1166 2175 1482 2300 comprobant,
1530 2177 1821 2299 experimento
1874 2176 1965 2296 ipse

312 2327 355 2393 ta
387 2330 507 2414 sunt,
540 2307 895 2431 subjeceruntque
929 2303 1112 2427 peculia·
1165 2302 1299 2394 didici
1333 2306 1377 2394 in
1409 2337 1458 2396 ea
1490 2302 1750 2428 assequenda
1783 2304 1969 2425 pretiosa

313 2433 350 2520 ri
382 2431 447 2520 illi
478 2433 668 2556 judaicae
713 2434 896 2526 nationis
934 2463 1111 2525 consue-
1166 2431 1849 2557 collectionequampossidemus.
1871 2427 1967 2522 Nec

185 2569 189 2577 '
315 2557 458 2648 tudini
490 2588 681 2654 vetustos
723 2593 947 2685 quosque,
979 2563 1112 2651 muti·
1167 2563 1278 2652 enim
1312 2563 1394 2651 nisi
1436 2561 1651 2652 diuturnis
1692 2585 1734 2649 et
1776 2557 1967 2648 incredi-
2084 2623 2104 2636 -.

316 2685 412 2798 los,
459 2686 636 2780 detritos
678 2687 810 2780 libros
850 2686 1110 2814 sepeliendi,
1167 2688 1330 2780 bilibus
1363 2689 1607 2798 laboribus,
1650 2689 1782 2800 curis,
1815 2686 1967 2776 studiis

317 2847 428 2940 quae
476 2843 524 2926 ut
562 2813 754 2931 infinitos
793 2820 986 2943 optimos
1017 2849 1110 2908 mss.
1169 2818 1314 2906 datum
1348 2817 1473 2908 nobis
1515 2844 1578 2910 est
1611 2851 1701 2906 eam
1734 2819 1965 2938 consequi,

314 2941 509 3051 codices,
543 2947 599 3037 ita
639 2973 683 3036 et
705 2944 921 3071 ¹pleraque
954 2948 1113 3071 pretio·
1169 2979 1248 3036 nec
1269 2947 1415 3038 eadem
1438 2979 1585 3036 omnes
1612 2940 1841 3035 felicitate.
1875 2942 1970 3034 Ple·

315 3075 469 3162 sissima
507 3077 715 3165 nascentis
756 3079 854 3165 artis
897 3099 989 3201 typ.
1022 3107 1114 3166 mo·
1168 3107 1393 3200 rarumque
1428 3079 1590 3198 integra
1616 3067 1856 3163 felicissime
1878 3105 1966 3160 cor·

317 3227 517 3292 numenta
532 3207 755 3295 miserrime
767 3203 971 3327 perdidit.
992 3203 1113 3325 Quae
1169 3205 1340 3294 rasimus
1372 3206 1565 3329 exempla
1599 3204 1690 3293 sive
1724 3201 1965 3307 chartacea,

316 3329 371 3418 ad
408 3326 743 3423 Christianorum
792 3365 940 3424 manus
982 3332 1113 3424 deve-
1169 3334 1261 3423 sive
1301 3333 1636 3446 membranacea,
1677 3325 1800 3455 saepe
1842 3329 1965 3454 plura

317 3483 551 3566 nerant,ea
568 3487 793 3552 evaserunt
813 3460 986 3587 quidem
1000 3461 1112 3552 istud
1168 3460 1241 3550 vel
1290 3461 1434 3553 usibus
1478 3464 1632 3553 nostris
1679 3483 1844 3550 retenta
1895 3459 1969 3550 vel

316 3582 477 3697 fatum,
518 3617 560 3680 et
594 3591 767 3713 integra
809 3623 858 3680 ac
890 3589 1025 3682 nitida
1058 3589 1114 3681 ad
1170 3593 1398 3682 amicorum
1442 3594 1554 3684 votis
1586 3589 1826 3680 humaniter
1858 3621 1970 3677 con·

316 3741 459 3807 nostra
473 3716 577 3808 haee
597 3745 785 3843 tempora
805 3717 976 3842 delapsa
994 3745 1115 3830 sunt,
1170 3750 1304 3825 cessa,
1322 3719 1376 3810 ad
1397 3753 1576 3844 quorum
1596 3717 1766 3810 classem
1786 3711 1970 3806 referen-

316 3842 390 3934 sed
423 3877 471 3934 ea
503 3871 588 3936 tam
622 3851 777 3972 exiguo
799 3875 897 3938 sunt
915 3880 1116 3954 numero,
1170 3846 1227 3938 da
1280 3851 1543 3971 potissimum
1605 3875 1704 3938 sunt
1753 3871 1970 3972 quotquot

316 3998 365 4062 ut
399 3975 510 4062 inter
542 3976 675 4098 prima
707 4007 758 4066 ac
788 3979 943 4066 rariora
963 3975 1117 4066 biblio·
1172 3973 1514 4068 Crevennianam
1537 3975 1865 4086 bibliothecam,
1888 4007 1975 4065 mo·

313 4101 531 4191 thecatum
563 4102 728 4193 cimelia
763 4105 853 4194 sint
894 4135 1115 4195 numeran—
1171 4102 1231 4193 do
1260 4100 1345 4210 sub
1378 4103 1507 4194 hasta.
1527 4103 1820 4208 divenditam,
1853 4135 1974 4193 exor-

314 4229 399 4320 da·
448 4227 673 4349 Quaedam
704 4231 803 4322 solo
852 4229 1115 4322 membranae
1171 4228 1330 4321 nabunt
1363 4265 1411 4322 ac
1451 4234 1605 4322 minori
1649 4231 1764 4322 illius
1786 4229 1972 4321 ·Catalo·

314 4389 423 4484 quae
457 4389 546 4447 non
587 4384 673 4448 tam
715 4355 842 4450 facile
884 4358 1115 4450 absumitur
1170 4392 1229 4486 go
1270 4362 1566 4451 continentur·
1613 4359 1677 4450 At
1716 4391 1821 4450 vero
1853 4391 1971 4452 non-

317 4515 360 4578 et
393 4490 651 4598 conteritur,
692 4485 905 4580 beneficio
948 4488 1003 4579 ad
1036 4520 1114 4580 nos
1169 4487 1382 4580 nullarum
1404 4489 1479 4578 vix
1497 4523 1627 4580 unum
1645 4487 1842 4614 illudque
1860 4519 1973 4579 man·

314 4642 581 4707 emanarunt.
615 4617 825 4744 Singulari
845 4651 942 4709 sane
963 4619 1112 4708 harum
1167 4648 1264 4708 cum
1303 4651 1447 4714 sumus
1488 4617 1655 4743 adepti,
1695 4616 1968 4748 quarumdam

313 4746 549 4842 editionum
608 4749 768 4840 raritati
825 4745 1112 4839 luculentissi-
1169 4749 1246 4837 vix
1285 4751 1438 4873 exigua
1476 4742 1740 4872 fragmenta,
1780 4752 1968 4842 omniunt

314 4901 427 4966 mum
458 4879 741 4969 testimonium
773 4876 996 4968 reddidere
1024 4909 1114 4967 eru·
1170 4901 1311 4967 tamen
1342 4879 1491 4969 seriem
1524 4876 1633 4970 adeo
1680 4882 1884 5003 integram
1919 4911 1968 4970 ac

316 5002 397 5094 diti
416 4997 678 5125 Lipsienses,
694 5005 735 5097 le
754 5002 964 5131 Longius,
985 5004 1115 5098 Wol-
1171 5001 1421 5129 perfectam,
1454 5031 1503 5098 ut
1531 5011 1612 5097 virt
1640 5005 1762 5097 binas
1785 5006 1854 5097 vel
1884 5033 1967 5098 tres

315 5128 418 5241 fias,
444 5129 688 5250 Quirinius,
708 5131 914 5258 Vogtius,
936 5132 1114 5242 Burius,
1171 5133 1370 5226 indubias
1390 5133 1712 5241 desideremus,
1766 5135 1970 5226 videlicet

316 5259 466 5352 David
499 5260 729 5371 Clemens,
762 5262 917 5388 aliique
949 5265 1025 5389 qui
1057 5296 1117 5354 ra·
1171 5257 1381 5354 Ordinem
1404 5263 1743 5388 deprecationum
1762 5297 1827 5354 an.
1847 5261 1964 5376 1487

317 5393 474 5480 riorum
506 5391 710 5482 librorum
743 5391 904 5485 indices
945 5423 1116 5484 consar·
1163 5419 1215 5482 et
1257 5389 1480 5483 Tractatus
1518 5389 1651 5482 Betzi
1702 5420 1744 5483 et
1787 5389 1972 5482 Cbedu·

307 5523 538 5612 cinarunt.
580 5519 841 5614 Maittairius
883 5525 1001 5647 ipse,
1040 5523 1115 5648 qui
1172 5518 1284 5612 both
1316 5519 1490 5612 Soncini
1524 5523 1762 5656 impressos.
