5146 7094
671 747 746 820 124
1118 718 1492 798 ANNALES
1550 721 1902 794 illim-Tyr).

664 927 776 1009 pressa
814 923 893 978 suut
934 898 1145 1000 majoribus,
1186 921 1221 973 ut
1251 920 1284 972 et
1314 896 1452 974 initium
1509 897 1612 978 titulo
1640 919 1659 972 a
1690 895 1806 1004 primis
1843 894 1954 972 verbis
1982 917 2043 974 tm
2071 917 2200 975 rt'rrttm
2229 924 2300 973 rna·

661 1043 702 1093 ac
734 1014 811 1090 riuis
839 1012 1020 1115 cujuslibet
1047 1012 1177 1088 litterae
1216 1011 1389 1116 alphabeti
1418 1034 1453 1086 et
1508 1011 1639 1118 joribus
1665 1011 1786 1086 litteris
1814 1010 1968 1096 excusis,
1998 1032 2035 1085 ut
2064 1036 2192 1087 excusa
2221 1035 2298 1087 suut

608 1221 612 1230 Ι
662 1131 802 1235 operis,
846 1126 903 1202 sed
946 1124 1134 1202 minoribus
1174 1124 1294 1202 titulus
1323 1126 1452 1232 primae
1509 1128 1666 1206 omnium
1695 1125 1884 1200 sectionum
1924 1121 2089 1216 exordia,
2127 1123 2301 1201 character

662 1243 805 1350 paginae
835 1239 1027 1345 praefixus,
1057 1239 1089 1312 in
1121 1265 1191 1344 quo
1221 1263 1362 1314 vocatur
1393 1265 1452 1314 au·
1509 1238 1695 1349 quadratus
1724 1239 1905 1344 antiquus,
1947 1235 2040 1312 idem
2070 1263 2152 1312 curn
2180 1236 2301 1313 chara·

662 1379 736 1432 ctor
765 1351 854 1428 lilius
883 1357 921 1426 R.
960 1351 1114 1434 Jechielis
1141 1350 1201 1426 lilii
1231 1355 1270 1426 R.
1299 1351 1452 1428 111111111-
1507 1380 1599 1435 ctete
1627 1351 1904 1461 praecedentium
1941 1349 2134 1442 librorum,
2163 1351 2303 1460 paginae

662 1469 709 1543 mi
739 1467 783 1543 de
813 1468 943 1556 Roma,
973 1465 1141 1569 multique
1179 1490 1212 1540 et
1241 1465 1360 1542 eximii
1389 1467 1452 1541 ho-
1509 1471 1680 1578 integrae‚
1719 1467 1885 1543 linearum
1932 1491 2003 1570 33,
2044 1465 2217 1553 numeris,
2254 1465 2302 1538 si-

661 1581 755 1657 noris
785 1578 875 1655 rituli
897 1580 926 1653 ei
951 1577 1170 1654 tribuuntur.
1199 1577 1343 1686 Paginae
1364 1605 1452 1683 quae
1507 1585 1679 1694 gummis,
1727 1577 1931 1657 custodibus
1972 1575 2176 1667 destitutae,
2219 1576 2300 1654 folia

661 1719 740 1772 sunt
788 1693 961 1800 integrae,
1000 1691 1108 1768 lineis·
1131 1717 1285 1768 constant
1324 1719 1374 1790 45
1417 1715 1452 1768 et
1508 1696 1668 1775 editionis
1710 1721 1813 1798 213,
1853 1715 2032 1770 numerato
2071 1689 2152 1767 albo
2204 1689 2299 1795 quod

663 1807 825 1886 volumen
866 1805 957 1882 follis
1000 1829 1101 1907 305,
1137 1831 1296 1882 consueta
1336 1806 1455 1913 expli·
1508 1811 1574 1890 sub
1603 1809 1739 1887 initium
1781 1829 1898 1895 extat,
1939 1804 2071 1910 hacque
2100 1805 2299 1880 terminatur

661 1923 754 1998 ciens
783 1944 863 1996 uota
892 1917 987 2000 niu
1017 1916 1111 1995 man
1138 1941 1211 1998 11111
1238 1917 1356 1998 mlum
1383 1945 1453 2002 :arr
1510 1951 1590 2004 uota
1623 1943 1740 2004 1-111111
1768 1945 1815 2001 m
1843 1940 1954 1996 rtmm
1982 1939 2179 1996 1111111111
2210 1915 2301 1996 ntor

662 2041 797 2113 Finitus
826 2057 875 2109 est
916 2061 955 2107 ac
978 2037 1169 2130 perfectus,
1203 2039 1276 2109 laur
1305 2041 1454 2112 Creatori
1510 2060 1590 2117 nuth
1617 2059 1680 2114 nn
1712 2035 1773 2114 hel
1808 2057 1880 2114 narr
1911 2029 2070 2109 melori
2100 2029 2302 2136 „Explicit

661 2155 781 2228 seculi.
826 2151 915 2223 Loca
959 2137 1055 2253 quae'
1087 2171 1149 2222 nos
1186 2144 1241 2223 vel
1280 2146 1453 2254 religionis
1509 2153 1616 2230 sectio
1645 2157 1695 2226 Et
1721 2155 1802 2225 haec
1831 2175 1880 2225 ert
1908 2150 2112 2238 benedictio,
2140 2145 2175 2218 in
2197 2169 2304 2250 eaque

662 2285 799 2338 nostrae
843 2285 1018 2335 auctorem
1059 2258 1270 2366 respiciunt,
1311 2261 1453 2338 exhibet
1508 2263 1660 2342 subsistit
1677 2263 1853 2370 opificium
1874 2259 2189 2366 typographicam.
2212 2263 2300 2334 Laus

663 2379 808 2452 intacta.
858 2371 932 2449 Sub
971 2398 1056 2450 voce
1095 2394 1187 2450 urbo
1228 2373 1311 2481 legit
1351 2374 1453 2452 verba
1508 2385 1585 2455 Deo
1614 2377 1750 2452 excelso
1778 2401 1812 2453 et
1841 2398 1987 2482 augusto
2015 2422 2059 2463 ,‚.
2098 2371 2173 2448 Sub
2200 2371 2300 2447 finem

662 2488 777 2571 niuno
796 2507 839 2562 111
860 2505 935 2562 ntro
956 2507 1047 2563 terno
1072 2507 1154 2573 tort,
1181 2511 1269 2590 quae
1298 2511 1395 2564 caute
1417 2490 1452 2565 in
1511 2491 1623 2569 Exodi
1651 2492 1799 2567 occurrit
1827 2489 2100 2566 additamentum
2132 2483 2217 2561 illud
2240 2511 2304 2560 ert-

661 2597 847 2688 Pisaurensi
886 2599 1019 2675 sublata
1054 2623 1157 2686 sunt,
1193 2625 1228 2675 et
1257 2601 1322 2676 sub
1350 2602 1453 2680 altera
1512 2604 1691 2715 positionis
1718 2603 1863 2711 Ephod,
1891 2599 1985 2708 quod
2025 2597 2128 2674 hahet
2159 2597 2304 2706 Regien-

661 2739 770 2801 ntra,
800 2712 859 2788 ubi
889 2711 1093 2789 pisaurensis
1126 2739 1165 2788 ac
1193 2719 1322 2790 Veneta
1352 2721 1455 2790 nom·
1511 2723 1555 2797 sis
1584 2719 1663 2795 anui
1701 2740 1827 2816 1475,
1864 2737 2053 2822 magnaque
2083 2715 2153 2789 sive
2183 2714 2218 2787 iu
2247 2739 2304 2788 sa-

661 2825 1455 2936 bergiianni1531habentntunhtatt5
1511 2834 1577 2910 ctis
1604 2855 1691 2937 quae
1733 2829 1952 2938 proferuntur
1994 2825 2129 2913 verbis,
2164 2827 2299 2901 sivein

661 2961 870 3022 innutriunt
898 2933 938 3017 ln
968 2961 1104 3017 :turen
1129 2961 1233 3018 *aaran
1273 2963 1324 3020 tto*
1352 2935 1451 3020 Mus·
1508 2945 1632 3030 Jarchii
1662 2967 1759 3020 textu
1802 2940 2014 3048 conspicitur
2055 2939 2209 3016 lectionis
2239 2967 2302 3016 va-

660 3064 777 3135 ritart't
807 3061 861 3129 illi
889 3081 1005 3129 nornen
1035 3059 1116 3131 Jestt
1145 3059 1313 3151 Nazarent'
1339 3083 1370 3132 et
1399 3083 1453 3130 re·
1507 3062 1629 3136 rictas.
1657 3061 1745 3132 Gen.
1775 3081 1817 3133 111
1856 3082 1898 3153 ¹5
1932 3053 2014 3160 legit
2036 3077 2069 3128 et
2095 3077 2208 3128 nostra
2230 3053 2303 3128 etli-

660 3173 817 3267 spirari,
847 3173 931 3242 idest
959 3174 1056 3241 rediit
1085 3175 1196 3241 anima
1223 3175 1292 3265 ejus
1323 3169 1376 3244 vel
1406 3198 1454 3244 re·
1512 3174 1559 3248 tio
1586 3193 1722 3258 heom,
1762 3195 1799 3245 ut
1828 3169 2001 3276 Regiensis
2037 3193 2076 3242 ac
2114 3167 2213 3242 multi
2243 3194 2318 3264 co·-

658 3295 772 3369 rt'xit,
803 3279 977 3387 integrum
1005 3303 1117 3355 serrat
1155 3303 1188 3354 et
1218 3307 1331 3357 nostra
1360 3281 1453 3358 hunc
1510 3286 1629 3372 dices,
1665 3309 1706 3358 ac
1745 3307 1924 3389 propterea
1969 3279 2127 3356 addenda
2167 3303 2218 3356 est
2256 3279 2299 3356 ad

661 3420 797 3475 textum
826 3390 870 3466 de
901 3414 1034 3497 patrato
1062 3391 1097 3468 in
1129 3393 1267 3469 nornine
1296 3401 1373 3476 Jesu
1403 3399 1454 3470 in·
1510 3399 1603 3476 hunc
1630 3395 1745 3471 locum
1765 3396 1800 3470 in
1822 3392 2023 3502 Appendice
2045 3393 2088 3468 ad
2111 3397 2301 3472 Verbera.

660 3511 746 3618 signi
786 3503 975 3594 miraculo,
1013 3505 1128 3612 legens
1158 3530 1293 3595 tameo,
1330 3530 1367 3584 ut
1397 3508 1453 3584 vi·
1510 3537 1594 3588 tom.
1623 3534 1663 3586 1v
1692 3535 1770 3617 pag.
1804 3533 1903 3584 212.

661 3623 785 3705 detur,
814 3615 1015 3693 intermedia
1046 3617 1151 3695 verba
1180 3618 1212 3693 iu
1238 3645 1316 3696 meo
1336 3647 1455 3698 ertem-
1859 3682 1956 3754 ΧΗ

661 3734 748 3845 plari
777 3729 893 3806 abrasa
922 3750 1031 3808 11111
1060 3751 1090 3824 p
1126 3754 1180 3810 ua*
1209 3755 1320 3810 :tuo
1349 3743 1452 3809 romi

660 3878 699 3926 rte
728 3855 809 3926 Iesu
830 3850 902 3942 filii
931 3851 1124 3935 Panditur,
1162 3869 1200 3922 ut
1229 3846 1347 3954 legunt
1378 3847 1451 3924 bini
1592 3856 1640 3927 R.
1667 3856 1752 3927 Lerr'
1779 3853 1836 3924 bert
1877 3853 2004 3924 Gersou
2040 3851 2300 3923 Conttrretrraritts

661 3959 870 4068 antiquiores
914 3959 980 4035 mei
1020 3957 1124 4062 hujus
1162 3960 1279 4036 Lexici
1317 3957 1453 4039 codices
1509 3973 1544 4037 iu
1576 3969 1753 4039 Danielem
1784 3971 1818 4036 io
1856 3991 1895 4057 4.
1920 3971 1990 4037 titre
2030 3987 2114 4034 arro
2144 3986 2176 4039 er
2204 3966 2301 4046 ioco,

660 4102 740 4154 ross
776 4097 874 4168 140,
901 4096 935 4149 et
972 4093 1094 4173 ¹¹30·
1125 4065 1130 4073 “
1509 4103 1585 4151 arte
1614 4095 1871 4152 Mccccexrrrr.

1027 4247 1093 4318 XI
1594 4191 1721 4267 Tribus
1748 4188 1815 4266 illis
1844 4185 2072 4296 typographis
2099 4185 2159 4290 qui
2189 4185 2300 4262 Nach-

1010 4311 1013 4320 “
1510 4303 1654 4380 manidis
1683 4299 1978 4378 Commentarium
2016 4299 2165 4402 aliosque
2193 4298 2300 4375 libros

744 4422 792 4490 it.
821 4421 1008 4492 Salomonis
1047 4415 1165 4490 Jarcii
1194 4419 1453 4492 Commentarius
1510 4419 1582 4491 sine
1611 4442 1702 4492 anno
1726 4439 1759 4490 et
1780 4414 1857 4491 loco
1880 4435 2014 4490 vetusto
2035 4411 2201 4518 quadrato
2219 4411 2300 4488 cha-

658 4537 692 4602 in
722 4533 987 4603 Pentateuchtrm
1028 4536 1061 4600 ire
1093 4556 1130 4620 4.
1159 4537 1236 4618 irai.
1267 4537 1334 4602 titre
1364 4554 1450 4600 antro
1509 4554 1636 4606 ractere
1664 4526 1871 4620 ediderunt,
1890 4526 2034 4603 debetur
2055 4551 2193 4630 quoque
2212 4523 2298 4600 haec

656 4665 690 4714 εἰ
718 4645 818 4727 ²⁰⁶0,
848 4666 923 4715 ame
952 4659 1214 4714 MCCCCLXXX·
1506 4642 1633 4730 edhio,
1665 4640 1837 4718 referenda
1864 4640 1987 4747 etipsa
2016 4639 2059 4716 ad
2077 4664 2196 4714 earum
2217 4639 2298 4714 clas-

743 4755 802 4828 Est
832 4776 867 4826 et
908 4753 992 4828 haec
1031 4751 1136 4827 editio
1174 4755 1208 4828 in
1238 4777 1356 4830 earum
1386 4779 1450 4827 nu·
1508 4783 1579 4832 seru
1610 4781 1698 4862 quae
1737 4779 1860 4830 seroa
1898 4753 1997 4830 nohis
2036 4775 2189 4860 repertae
2219 4776 2299 4828 suut

656 4888 753 4939 meto
782 4887 868 4968 quas
896 4864 1126 4971 bibliographi
1160 4892 1279 4942 ornnes
1310 4865 1450 4974 profuu·
1507 4897 1549 4946 ac
1579 4865 1841 4976 profundissime
1878 4869 2057 4971 hucusque
2093 4863 2299 4974 ignoraban-

655 4976 700 5053 de
727 4976 896 5084 ignorant,
916 5003 1046 5082 nosque
1064 5003 1140 5083 post
1159 4980 1285 5057 editam
1309 4979 1448 5084 Disqui·
1506 5007 1578 5059 tur.
1609 4983 1703 5057 Idem
1732 4981 1875 5056 omnino
1906 5007 1985 5055 eum
2018 4977 2299 5086 praecedentibus

654 5089 814 5166 sitionem
844 5089 887 5166 de
920 5089 1094 5167 hebraicae
1116 5093 1366 5200 typographiae
1383 5094 1450 5168 ori·
1505 5095 1702 5183 character,
1746 5093 1866 5170 cadem
1910 5093 1995 5168 ratio
2039 5119 2078 5168 ac
2121 5091 2299 5168 conditio.

655 5202 734 5314 gine
764 5203 983 5293 deterrimus,
1010 5229 1050 5280 ac
1080 5227 1172 5281 tanta
1201 5206 1344 5312 quidem
1373 5193 1451 5281 seli·
1506 5208 1689 5307 Quaelibet
1720 5210 1842 5315 pagina
1861 5207 1959 5282 lineis
1987 5230 2118 5282 constat
2150 5207 2224 5297 28,
2248 5204 2300 5279 in·

654 5319 777 5406 citare,
806 5341 843 5394 ut
871 5343 1022 5426 quatuor
1050 5317 1207 5406 diversa,
1245 5320 1325 5396 bina
1354 5317 1451 5395 char·
1507 5345 1641 5428 regrum
1673 5347 1754 5395 vero
1782 5349 1870 5426 opus
1898 5318 1988 5395 loliis
2016 5319 2188 5428 impressis
2222 5345 2299 5419 37,

655 5453 774 5521 tacco,
804 5429 882 5508 bina
912 5458 995 5513 vero
1037 5432 1322 5523 membranacea,
1360 5434 1450 5509 nacti
1506 5433 1761 5538 numeratisque
1790 5435 1878 5511 binis
1900 5421 2015 5525 albis,
2045 5457 2133 5540 quae
2165 5458 2302 5538 praece·

654 5541 761 5622 simus
798 5549 871 5652 ejus
899 5545 1083 5654 exempla·
1123 5545 1252 5656 Incipit
1277 5549 1348 5648 siue
1377 5546 1449 5624 ullo
1503 5545 1593 5625 dunt
1621 5575 1661 5625 ac
1699 5547 1955 5659 subsequuntur
1986 5573 2061 5644 41·
2102 5545 2302 5625 Gersonidis
