5146 7094
667 758 740 860 156
915 705 920 716 ’
1108 753 1882 832 Auunrnsuan-rrn.

661 963 679 1014 a
710 943 865 1013 Gersone
893 932 1005 1010 editus
1033 955 1085 1008 est
1114 929 1223 1024 liber,
1244 930 1326 1006 Fani
1349 928 1382 1005 ld
1406 928 1472 1022 hp
1510 955 1582 1034 quo
1609 931 1725 1004 omnis
1748 927 1896 1032 suspicio
1924 937 2138 1002 evanesceret
2168 951 2208 1000 ac
2227 951 2316 1001 cou-

660 1075 754 1127 ctum
783 1071 859 1135 est,
896 1047 923 1122 si
949 1045 1066 1154 paullo
1107 1066 1204 1152 post,
1231 1044 1368 1118 -Pisauri
1400 1041 1453 1116 vel
1511 1067 1613 1117 staret
1643 1043 1766 1118 certius
1795 1041 1887 1116 illam
1917 1038 2084 1114 existere.
2122 1045 2311 1144 Quotquot

661 1163 827 1238 Arimini.
866 1163 970 1234 Extat
1012 1158 1117 1233 etiam
1155 1155 1241 1231 haec
1282 1155 1390 1232 editio
1419 1153 1453 1228 iu
1513 1178 1728 1241 memorant,
1760 1179 1860 1230 uuam
1891 1148 2090 1228 Barroloccii
2110 1151 2214 1228 fidem
2232 1179 2309 1226 om·

662 1275 871 1352 bibliotheca
900 1270 1077 1360 Medicea,
1104 1261 1191 1346 teste
1224 1267 1393 1350 Biscionio
1421 1269 1454 1341 irt
1513 1294 1572 1342 nes
1599 1293 1811 1372 sequuntur.
1840 1265 2089 1343 Bartoloccium
2122 1291 2224 1370 porro
2254 1267 2314 1370 ip·

633 1387 825 1463 biblioth.
855 1385 934 1460 heb.
964 1385 1050 1460 Flor.
1081 1411 1116 1488 p.
1151 1407 1222 1482 32,
1249 1384 1309 1486 qui
1338 1403 1373 1456 et
1400 1381 1457 1485 ip·
1511 1397 1588 1456 ¹sum
1613 1382 1706 1478 ‘hanc
1735 1378 1921 1455 editionem
1956 1403 2023 1484 nott¹
2053 1377 2175 1454 vidisse
2203 1404 2307 1484 arque

591 1501 596 1508 ’
660 1526 696 1575 se
724 1527 799 1577 eam
828 1499 1047 1575 CPolitanatn
1075 1496 1181 1578 dicit,
1210 1493 1396 1582 wolton,
1419 1516 1456 1567 ut
1514 1493 1652 1570 alterius
1681 1492 1760 1568 fidei
1796 1516 1831 1568 et
1860 1491 2055 1570 testimonio
2095 1493 2226 1568 stetisse
2262 1517 2310 1566 ex

660 1613 805 1720 opinor,
827 1639 895 1690 nott
913 1607 1042 1690 codicis
1063 1606 1285 1715 epigraphem
1306 1629 1459 1684 secutus.
1514 1633 1556 1682 eo
1599 1606 1652 1684 vel
1693 1606 1841 1682 maxime
1882 1607 2073 1690 evincitur,
2109 1603 2207 1710 quod
2249 1605 2309 1679 titt

1514 1746 1588 1795 eam
1619 1743 1885 1804 commemoret,
1924 1716 2017 1821 quod
2058 1715 2206 1792 formam
2235 1743 2306 1792 non

897 1839 1230 1920 MCCCCLXXXI
1516 1833 1660 1920 referat,
1690 1831 1785 1936 quod
1815 1830 1963 1907 editores
1993 1831 2084 1936 ipsos
2112 1831 2309 1908 Soncinates

1017 2011 1051 2081 X
1071 2009 1102 2083 V
1516 1971 1586 2022 non
1618 1946 1791 2036 nominet,
1819 1942 1914 2050 quod
1932 1942 2060 2019 null-ant
2081 1941 2231 2048 denique
2260 1943 2310 2018 bi·

1228 2111 1230 2117 -
1517 2059 1723 2136 bliothecam
1766 2056 1930 2164 producat
1970 2057 2102 2162 inqua
2140 2055 2311 2133 custodia·

745 2182 795 2258 R.
822 2183 943 2256 Jacobr‘
983 2181 1043 2251 bert
1073 2177 1178 2250 Arclr
1219 2173 1314 2248 Arta
1356 2169 1458 2243 turim
1513 2199 1590 2252 tur.
1623 2169 1798 2276 Quodque
1827 2164 2035 2248 luculentius
2064 2197 2137 2247 rem
2167 2169 2308 2257 delinit,

662 2319 717 2370 stu
746 2314 798 2369 ιν
821 2299 951 2368 ordines
980 2297 1116 2367 Soneioi
1138 2315 1193 2368 art·
1213 2303 1352 2370 com,
1385 2285 1462 2359 Chr.
1514 2309 1647 2363 constat
1667 2310 1712 2360 ex
1736 2284 1923 2391 epigraphe
1953 2307 2114 2360 tractatus
2143 2281 2307 2359 Beracorlt

663 2425 941 2481 mcccclxxxt.
1187 2492 1194 2505 μ
1514 2399 1594 2476 anni
1640 2389 1756 2494 1484'¹
1793 2395 1989 2472 hebraicam
2042 2396 2309 2506 typographiam

749 2523 842 2595 Haec
870 2517 980 2594 editio
1006 2515 1106 2589 unius
1134 2509 1312 2614 hucusque
1342 2513 1461 2583 Barto-
1514 2505 1622 2588 fuisse
1644 2535 1778 2587 tantum
1812 2536 1856 2586 eo
1893 2534 1984 2584 anno
2024 2511 2162 2588 Soneioi
2193 2536 2214 2584 a
2241 2515 2311 2584 Nu·

562 2722 565 2730 ,
662 2633 761 2708 loccii
790 2631 993 2708 auctoritate
1031 2623 1194 2711 fulcitur,
1228 2623 1288 2728 qui
1318 2618 1362 2696 de
1391 2619 1467 2698 hoc
1517 2627 1619 2701 thane
1647 2649 1842 2700 extructam
1870 2647 1909 2722 ac
1939 2619 2309 2727 htudatatn‚eutuque

664 2770 769 2852 opere
799 2743 966 2850 loquens,
998 2739 1082 2815 illud
1112 2736 1251 2814 Sontini
1279 2758 1298 2806 a
1326 2739 1458 2808 Gerso·
1513 2738 1638 2814 librum
1670 2761 1740 2813 esse
1764 2737 2008 2844 primissimum
2039 2735 2128 2812 illius
2157 2735 2309 2810 foetum.

661 2860 716 2933 nis
760 2854 1034 2966 progenitoribus
1071 2875 1235 2930 excusum
1277 2847 1390 2922 asserit
1421 2842 1457 2918 in
1514 2852 1594 2928 Scio
1623 2847 1784 2954 equidem
1814 2849 1985 2924 Wolfium
2013 2849 2184 2926 iuearunt
2206 2849 2313 2951 quin-

664 2970 826 3048 Biblioth.
854 2970 950 3046 rabb.
990 2967 1056 3044 vol.
1086 2989 1128 3040 ιιι
1157 2991 1190 3070 p.
1223 2963 1328 3062 839,
1358 2983 1458 3034 com·
1513 2991 1581 3069 que
1611 2963 1803 3040 editionum
1847 2987 2028 3040 numerum
2069 2987 2156 3068 quae
2185 2961 2311 3036 CPoli-

663 3109 853 3161 memorato
882 3109 972 3158 anno
1000 3078 1057 3156 sed
1088 3102 1156 3154 non
1190 3094 1459 3187 commemoratq
1515 3101 1630 3152 tanam
1669 3079 1746 3153 anni
1792 3099 1894 3175 1545
1936 3099 2210 3182 praecesserunt,
2241 3100 2314 3148 no-

663 3196 823 3274 editionis
861 3195 989 3271 fotura.
1011 3197 1085 3266 ·Ex
1129 3187 1342 3264 Bartoloccio
1382 3209 1457 3260 eam
1514 3215 1618 3266 stram
1649 3190 1739 3266 hanc
1768 3194 2012 3266 Soncinensem
2043 3187 2191 3280 referre,
2222 3188 2313 3261 acsi

665 3309 792 3416 profert
823 3311 966 3386 Wollius
1005 3331 1087 3380 tom.
1116 3309 1131 3378 1
1162 3327 1237 3408 pag·
1282 3299 1458 3394 5822111
1515 3307 1699 3386 necessaria
1731 3329 1868 3409 prorsus
1907 3325 1993 3376 esser
2022 3301 2064 3378 ad
2095 3301 2186 3378 illins
2215 3327 2311 3376 sum-

663 3450 699 3530 p.
727 3425 837 3518 446,
875 3448 914 3498 ac
943 3446 984 3496 tv
1014 3444 1089 3526 pag·
1126 3440 1230 3512 447,
1257 3435 1301 3485 ex
1331 3410 1459 3488 W01fi0
1514 3443 1590 3493 mae
1629 3417 1947 3523 complementum,
1983 3413 2049 3492 sub
2088 3414 2178 3491 illius
2220 3414 2313 3489 euim

664 3531 853 3610 Marchand
893 3561 926 3641 p·
957 3557 1031 3633 752
1067 3551 1110 3604 ex
1142 3521 1328 3602 Marcllassd
1359 3521 1459 3597 Mait-
1515 3532 1651 3628 initium
1682 3529 1859 3606 manifeste
1887 3525 1994 3604 editio
2021 3551 2115 3609 tuoto
2148 3555 2209 3604 seu
2238 3551 2316 3603 sert·

613 3644 623 3657 ”
664 3647 780 3722 taitius
808 3671 891 3720 rom.
919 3665 1070 3749 vparte
1098 3665 1125 3715 ιι
1154 3667 1188 3746 p·
1221 3661 1299 3736 527
1329 3659 1363 3710 et
1393 3633 1461 3710 Ti*
1517 3670 1549 3720 ta
1575 3642 1790 3749 appellatur.
1829 3646 1876 3717 At
1908 3667 1989 3718 vero
2020 3639 2054 3715 id
2084 3641 2313 3717 necessarium

664 3758 862 3836 raboschius
890 3759 926 3834 in
964 3754 1080 3832 Indice
1108 3749 1358 3858 chronologico
1385 3748 1459 3822 ita·
1518 3783 1588 3832 nnn
1617 3781 1685 3846 en,
1725 3781 1836 3861 qnnnn
1876 3752 2043 3830 editiones
2082 3753 2267 3830 nonnullae
2297 3778 2316 3826 a

626 3973 628 3979 s
665 3871 808 3947 licarum
849 3871 988 3948 urbium
1021 3895 1060 3945 ac
1106 3869 1300 3974 principum
1333 3860 1463 3939 editio·
1520 3868 1653 3945 Wolfio
1681 3869 1905 3955 ominamur,
1935 3892 1972 3944 nt
2000 3869 2239 3968 cracoviensis
2258 3893 2315 3940 an-

665 4010 749 4060 num
776 4007 831 4061 xv
859 3983 960 4061 seculi
1001 3981 1060 4088 qui
1100 3981 1169 4058 vol·
1207 4003 1248 4054 vt
1289 3979 1362 4081 ejus
1401 3972 1464 4048 Hi·
1521 3983 1564 4059 nr
1598 4007 1700 4082 299,
1741 3982 1822 4056 cin,
1871 4005 1999 4081 1539,
2038 3983 2238 4086 Angnnnnn
2265 4005 2319 4053 nn.

667 4097 791 4174 storiae
827 4096 1006 4173 litterariae
1044 4094 1222 4197 subiicitur
1252 4117 1328 4200 pag·
1358 4090 1464 4187 438,
1526 4123 1630 4198 300,
1656 4095 1782 4170 Christi
1817 4115 1948 4189 1540,
1975 4117 2009 4167 et
2037 4096 2211 4200 Prageosis
2234 4096 2321 4194 ejus-

669 4211 727 4315 qui
769 4235 885 4287 tamett
923 4206 1163 4286 animadvertit
1198 4209 1233 4284 in
1272 4203 1360 4278 notis
1401 4199 1465 4276 du·
1521 4209 1604 4286 detn
1632 4207 1732 4294 anni,
1770 4231 1858 4314 qnae
1898 4231 2033 4281 nostrae
2062 4208 2178 4282 locum
2207 4229 2319 4282 tenere

667 4323 765 4399 bium
796 4322 934 4429 aliquod
964 4325 1053 4398 circa
1082 4321 1185 4425 hujus
1214 4315 1373 4394 editionis
1403 4339 1481 4389 tre·r
1523 4343 1685 4430 possunt,
1714 4343 1753 4394 ut
1782 4318 1867 4394 nihil
1895 4317 2050 4395 dicamus
2073 4317 2117 4394 de
2145 4317 2216 4396 aliis
2244 4317 2318 4422 qui·

668 4439 803 4514 ritatem
844 4460 873 4510 aa
893 4461 948 4510 me
990 4439 1125 4510 motum
1165 4429 1292 4508 fuisse·
1335 4426 1466 4503 Protuli
1523 4431 1667 4511 busdam
1707 4433 1897 4539 primorum
1936 4431 2097 4508 ordinum
2126 4457 2214 4538 quae
2242 4453 2318 4504 ante

668 4573 785 4654 reapse
813 4547 921 4636 Ollffls
949 4542 993 4622 de
1016 4547 1191 4624 hebraicae
1214 4540 1465 4651 typographiae
1521 4546 1606 4624 illud
1646 4571 1783 4652 tempus
1832 4543 1946 4620 lucem
1991 4544 2173 4621 viderunt.
2217 4543 2317 4618 Unde

669 4685 773 4767 agens
811 4659 941 4767 origine
972 4687 1009 4764 p·
1044 4681 1113 4754 14,
1155 4679 1328 4732 momenta
1356 4679 1466 4760 quae·
1520 4683 1638 4736 autem
1664 4683 1759 4734 error
1794 4681 1914 4734 enatus
1942 4659 2007 4746 sit,
2045 4657 2142 4733 heile
2172 4683 2241 4731 nort
2271 4677 2319 4730 est

667 4771 748 4847 dam
777 4789 866 4877 quae
895 4769 1038 4847 dubiam
1068 4793 1171 4876 atque
1192 4771 1356 4876 incertam
1379 4773 1465 4844 Sou-
1521 4771 1683 4849 definire.
1726 4775 1828 4847 Forte
1869 4787 1915 4845 ex
1955 4795 2032 4846 aera
2063 4768 2163 4876 primi
2191 4765 2317 4868 ordinis

666 4884 840 4959 cinensem
868 4881 957 4958 hanc
998 4880 1186 4962 editionem
1215 4880 1467 4969 ostendebant,
1522 4899 1582 4963 §en
1610 4883 1726 4962 otaclt
1754 4881 1882 4962 cltailm
1911 4884 1990 4959 anni
2029 4885 2153 4980 1485.
2182 4880 2320 4966 Etenim

665 5021 754 5103 quae
800 5020 846 5076 ex
887 5021 934 5072 eo
961 5017 1115 5101 tempore
1157 4993 1247 5074 adeo
1286 5017 1466 5071 creverunt
1523 4998 1568 5074 lte
1599 5022 1809 5104 postremum
1847 4995 1950 5098 hujus
1977 5020 2073 5072 aerae
2101 5021 2210 5099 quum
2239 4993 2321 5070 rab

666 5134 708 5188 ut
736 5135 811 5186 eam
852 5115 924 5216 jam
962 5107 1188 5214 supposititiis
1229 5135 1268 5186 ac
1296 5109 1385 5184 falsis
1412 5134 1467 5182 ac·
1524 5111 1675 5188 binicum
1705 5110 1748 5186 sir
1777 5105 1970 5215 hispanicae
1999 5109 2190 5185 inflexionis
2210 5130 2321 5183 aesu-

666 5248 806 5302 censere
836 5250 905 5299 non
945 5219 1122 5299 dubitem.
1159 5220 1300 5298 Nullum
1332 5245 1469 5326 prorsus
1526 5249 1586 5330 pra
1615 5222 1739 5301 lineola
1769 5220 1988 5330 insigniatur,
2017 5221 2115 5299 facile
2143 5221 2209 5298 fuir
2237 5245 2318 5295 cum

670 5360 824 5443 superest
855 5339 887 5412 in
918 5336 986 5412 ulla
1017 5332 1246 5424 bibliotheca,
1272 5359 1330 5410 aut
1352 5359 1471 5438 super·
1526 5337 1630 5442 aleph
1670 5333 1835 5413 confundi
1874 5363 1914 5412 ac
1942 5333 2010 5443 legi
2055 5359 2157 5431 24¹·
2200 5340 2322 5432 Quum

673 5475 745 5526 esse
775 5448 872 5525 ullibi
899 5446 1026 5526 dicitur
1049 5454 1126 5556 ¹ejus
1154 5449 1353 5556 exemplar.
1380 5447 1466 5524 Nul·
1522 5455 1640 5528 autem
1669 5448 1802 5526 deesset
1828 5448 1925 5524 locus
1952 5445 2113 5526 editionis
2133 5471 2167 5524 er
2189 5471 2317 5523 nomen

640 5561 1247 5672 .lutn,utpostulabam,deiuceps
1268 5560 1467 5652 detectum,
1524 5562 1759 5682 typographi,
1795 5561 1927 5640 dicatur
1958 5587 2071 5640 tamen
2099 5589 2121 5639 a
2148 5559 2323 5670 peritissi-
