5146 7094
695 772 766 846 128

689 947 776 1023 Elias
804 947 943 1024 Levita.
987 950 1056 1020 Nec
1094 943 1189 1019 aliter
1229 942 1345 1018 locum
1386 938 1481 1016 huuc

690 1057 751 1134 lib.
780 1086 806 1135 ιι
836 1083 955 1135 contra
996 1055 1140 1138 Iudaeos
1167 1081 1243 1160 cap.
1271 1079 1297 1129 v
1329 1053 1483 1161 profere-

690 1173 748 1248 bat
777 1175 1010 1282 Hieronymus
1035 1196 1053 1245 a
1074 1193 1185 1246 sancta
1208 1167 1295 1244 fide.
1323 1165 1390 1244 Sed
1411 1165 1481 1242 col-

689 1285 766 1360 latis
796 1285 905 1360 tribus
925 1307 1014 1389 quae
1040 1307 1143 1388 penes
1172 1308 1234 1357 nos
1262 1301 1402 1371 extant,
1422 1307 1483 1356 ao·

688 1396 896 1502 tiquioribus
925 1395 1038 1502 operis
1065 1394 1292 1480 editionibus,
1322 1390 1481 1470 videlicet

687 1535 802 1587 nostra
830 1512 904 1586 sine
944 1533 1034 1584 anno
1062 1532 1098 1583 et
1140 1507 1241 1596 loco,
1278 1505 1480 1584 Sonciueusi

686 1649 726 1698 ac
755 1623 937 1700 CPolitana
967 1620 1047 1698 anni
1083 1647 1206 1720 1509,
1237 1616 1329 1698 nulla
1346 1643 1386 1695 ea
1407 1647 1482 1698 ver·

686 1735 730 1813 ba
760 1738 904 1814 retiner.

1022 1907 1141 1982 XVI

760 2081 968 2154 Psalterittrn
994 2083 1063 2150 sinc
1077 2080 1213 2172 punctis
1242 2097 1300 2148 12.
1321 2079 1390 2150 sr‘rre
1419 2096 1478 2144 art-

687 2217 730 2263 no
754 2216 785 2264 et
804 2195 903 2276 loco,
931 2193 990 2263 sed
1018 2199 1105 2264 circa
1133 2215 1187 2261 art.
1208 2203 1484 2274 Mcccczxxm

686 2309 732 2378 ad
759 2321 1021 2381 mccccaxxx.

772 2414 977 2492 Describens
1005 2411 1088 2488 olim
1117 2411 1206 2489 hanc
1233 2409 1425 2489 editionem
1446 2409 1481 2486 in

686 2527 783 2606 Clavi
814 2527 973 2604 codicum
1008 2526 1091 2603 sacri
1121 2550 1237 2604 textus
1275 2525 1386 2604 Variis
1415 2550 1482 2598 uo·

685 2643 761 2716 stris
788 2640 1006 2718 Lectionibus
1037 2639 1238 2746 praemissa,
1256 2639 1377 2720 uocari
1405 2663 1481 2713 eam

685 2753 840 2862 ignotam
870 2759 1010 2860 ejusque
1056 2752 1258 2860 exemplar,
1298 2776 1380 2828 tunc
1417 2776 1481 2826 nu·

685 2867 833 2973 perrime
870 2867 1067 2954 detectum,
1104 2865 1267 2942 unicum.
1309 2869 1356 2940 At
1395 2889 1479 2942 vero

685 3005 777 3056 nune
806 2981 869 3059 virt
911 2979 1035 3056 dubito
1079 2980 1162 3084 quin
1204 2977 1325 3056 eadem
1367 3001 1406 3053 ea
1434 2976 1478 3053 sit

684 3120 766 3169 cum
797 3095 851 3169 illa
880 3119 986 3197 quam
1015 3093 1089 3170 sine
1120 3094 1257 3199 punctis
1286 3092 1318 3166 in
1361 3093 1395 3164 8.
1423 3089 1478 3167 lit·

685 3207 765 3282 teris
793 3205 978 3283 rabbinicis
1017 3228 1169 3283 curatam
1198 3206 1233 3280 in
1263 3203 1476 3282 Bibliotheca

609 3331 612 3336 '
687 3319 889 3395 Durlacensi
917 3320 1005 3407 inter
1035 3316 1216 3393 Rcuchlini
1245 3316 1350 3394 libros
1377 3341 1479 3394 exta-

686 3457 723 3506 re
754 3455 896 3508 testatur
926 3433 1037 3534 Majus
1067 3435 1100 3505 in
1129 3433 1208 3508 Vita
1236 3429 1415 3508 Reuchlini
1444 3457 1477 3538 p.

689 3569 761 3641 54¹
797 3569 833 3620 et
861 3569 905 3619 ex
937 3547 1030 3646 Majo
1059 3541 1204 3618 Wolfius
1232 3565 1316 3620 tom.
1344 3568 1371 3620 rr
1400 3569 1479 3652 pag.

686 3683 767 3757 407
792 3681 891 3734 etex
913 3655 1041 3734 Wolfio
1063 3653 1237 3733 Maschius
1256 3657 1292 3732 in
1315 3655 1480 3732 Biblioth.

685 3795 777 3846 sacra
809 3792 893 3846 tom.
924 3774 939 3845 1
969 3795 1004 3878 p.
1034 3795 1110 3869 92,
1147 3770 1208 3874 qui
1235 3793 1271 3845 et
1299 3767 1393 3845 illam
1421 3795 1481 3846 au-

686 3883 910 3988 tiquissimam
940 3883 1111 3991 appellat,
1149 3908 1190 3958 ae
1217 3885 1291 3987 jure
1319 3881 1480 3989 quidem,

686 3999 714 4072 si
745 3997 922 4104 exetuplar
952 3997 995 4072 ad
1019 3993 1247 4078 Rettchlinttm
1271 3996 1481 4103 pertinebat.

1153 766 1503 844 ANNALES
1552 763 1899 840 ΗΕΒ-ΠΡ,

1545 944 1671 1037 1482.
1713 937 1780 1016 Sed
1811 962 1849 1014 ιιι
1888 934 2074 1013 nonnullae
2108 933 2267 1042 litterae,
2295 953 2336 1012 ut

1538 1053 1820 1144 observavimus,
1858 1052 1892 1127 in
1924 1048 2013 1126 binis
2054 1047 2147 1125 hisce
2176 1047 2336 1125 editioni·

1537 1167 1603 1244 bus
1629 1165 1814 1257 differunt,
1859 1163 1966 1241 itaet
2005 1161 2175 1269 quaedam
2205 1163 2240 1238 in
2272 1189 2336 1237 no·

1537 1303 1604 1356 stra
1635 1279 1679 1356 ab
1710 1303 1874 1384 utraque.
1904 1275 2043 1383 Aleph,
2070 1275 2169 1367 scin,
2198 1278 2252 1352 ain
2276 1274 2334 1350 hic

1537 1392 1655 1502 paullo
1699 1389 1854 1472 diversae
1882 1413 1916 1466 et
1955 1388 2200 1500 elegantiores,
2228 1414 2334 1493 quatu

1537 1507 1572 1583 in
1602 1505 1764 1584 Psalterio
1792 1531 1848 1580 an·
1884 1529 2011 1602 1477,
2039 1527 2157 1580 contra
2189 1501 2273 1578 beth
2300 1523 2336 1577 et

1538 1619 1651 1698 lamed
1693 1618 1811 1727 paullo
1848 1616 2003 1694 diversae
2040 1639 2074 1693 et
2111 1614 2333 1724 elegantiores

1538 1733 1572 1808 in
1603 1730 1858 1820 Pentateucho,
1885 1755 1991 1836 quam
2021 1731 2054 1806 iu
2078 1754 2225 1835 utroque
2243 1727 2334 1804 Psal-

1538 1847 1646 1936 terio,
1685 1847 1745 1924 ubi
1773 1869 1891 1922 earum
1928 1843 2037 1920 forma
2067 1842 2218 1948 perfecte
2246 1869 2335 1918 con·-

1538 1960 1658 2068 gruit.
1699 1965 1817 2036 Nexus
1846 1957 1948 2064 aleph
1975 1981 2011 2034 et
2039 1954 2153 2032 lamed
2180 1959 2215 2033 in
2242 1956 2338 2032 Psal-

1539 2073 1626 2149 terio
1670 2099 1771 2173 ¹477
1811 2069 1948 2161 nullus,
1989 2069 2045 2147 hic
2083 2092 2204 2159 extat,
2233 2093 2272 2145 ut
2300 2070 2345 2145 iu·

1538 2186 1772 2264 Pentateucho
1790 2183 1851 2263 sed
1870 2184 2035 2291 tantisper
2056 2182 2231 2261 diversus.
2259 2187 2334 2288 Ty·

1540 2305 1577 2408 pi
1607 2303 1641 2378 iu
1671 2299 1736 2378 hac
1773 2323 1888 2378 nostra
1924 2297 2073 2376 editione
2112 2319 2192 2372 suut
2219 2295 2335 2374 adhuc

1541 2439 1693 2497 recentes
1722 2440 1762 2507 ac
1789 2412 1921 2500 vividi,
1949 2411 1984 2487 in
2012 2409 2247 2488 Pentateucho
2276 2409 2337 2486 de·

1538 2527 1632 2617 triti,
1671 2528 1779 2603 lineae
1819 2524 1876 2602 hic
1912 2522 2085 2602 interdum
2117 2523 2333 2629 inaequales,

1537 2639 1667 2719 litterae
1705 2663 1741 2718 et
1771 2639 1903 2748 integra
1942 2637 2110 2716 vocabula
2138 2663 2239 2744 saepe
2268 2661 2334 2713 ex·

1538 2779 1589 2830 tra
1628 2755 1751 2831 lineam
1793 2753 1927 2859 posita,
1963 2751 2059 2858 quod
2088 2751 2122 2828 in
2152 2755 2335 2826 Pentateu-

1536 2867 1625 2957 cho,
1654 2857 1761 2944 immo
1790 2868 1825 2941 in
1854 2864 2017 2941 Psalterio
2047 2866 2121 2970 ipso
2144 2890 2200 2942 an.
2230 2889 2332 2962 1477

1535 3007 1606 3057 non
1643 2980 1812 3068 occurrit,
1854 3005 1974 3056 contra
2012 2979 2147 3055 numeri
2175 2976 2332 3054 Psalmo·
2446 2976 2449 2983 ’

1535 3122 1613 3172 tum
1651 3095 1712 3202 qui
1756 3095 1791 3170 in
1832 3090 1996 3168 Psalterio
2043 3117 2147 3192 1477
2188 3090 2330 3166 omnino

1532 3205 1677 3296 absunt,
1720 3206 1755 3282 iu
1784 3207 1852 3282 hoc
1892 3203 1936 3282 ad
1976 3207 2165 3315 marginem
2195 3203 2330 3281 notati.

1533 3325 1588 3395 Ex
1616 3320 1669 3396 his
1706 3320 1868 3396 omuibus
1911 3316 2007 3396 facile
2051 3319 2176 3421 coniici
2216 3341 2333 3426 potest

1535 3432 1734 3511 Psalterium
1770 3456 1925 3509 nostrum
1955 3433 2043 3508 inter
2072 3457 2126 3510 att.
2165 3456 2267 3532 1477
2297 3454 2333 3507 et

1543 3551 1646 3644 1480
1678 3547 1790 3624 lucem
1819 3544 1963 3624 vidisse.
2003 3545 2151 3656 Paginae
2169 3533 2333 3652 ¹integrae

1535 3687 1614 3737 sunt
1643 3686 1683 3736 ac
1725 3681 1880 3737 constant
1908 3657 2007 3736 lineis
2056 3658 2128 3760 19,
2156 3685 2220 3736 nec
2248 3656 2330 3735 folia

1535 3797 1734 3881 quaesunt
1774 3797 1919 3851 numero
1951 3776 2026 3873 63,
2070 3799 2134 3849 nec
2172 3769 2331 3880 plagulae

1537 3911 1781 3976 numerantur,
1820 3885 1882 3963 sed
1919 3885 1984 3964 sub
2021 3885 2189 3965 linearum
2227 3888 2333 3960 finem

1536 4025 1656 4078 extant
1684 4002 1816 4077 litterae
1843 3998 2004 4077 custodes
2032 4001 2251 4110 sequentium
2280 3997 2333 4074 di·

685 4114 797 4185 Nemo
817 4135 929 4188 tumen
950 4110 1156 4188 Durlacense
1177 4109 1353 4216 exemplar
1372 4135 1481 4186 mem·
1537 4113 1692 4192 ctionum
1713 4113 1757 4190 ad
1787 4113 1886 4190 vacui
1915 4113 2212 4221 complementum
2235 4139 2333 4190 usur·

685 4222 893 4300 bransceum
923 4222 1029 4312 dicit,
1069 4224 1160 4300 unde
1194 4223 1411 4301 chartaceum
1441 4222 1482 4297 il·
1539 4251 1662 4334 patae.
1699 4223 1825 4305 Psalmi
1854 4230 1887 4305 in
1918 4251 1944 4302 v
1972 4227 2080 4306 libros
2107 4227 2333 4316 dividuntur,

682 4334 746 4412 lud
785 4364 856 4414 esse
901 4337 1091 4415 tenendum
1133 4364 1207 4430 est,
1250 4365 1289 4414 ac
1316 4335 1479 4444 'proinde
1536 4365 1686 4446 quorum
1716 4341 1854 4417 initium
1891 4366 1931 4418 ac
1964 4341 2041 4418 finis
2068 4339 2242 4449 quadratis
2271 4363 2335 4447 ty-

681 4450 796 4528 adhuc
834 4454 870 4525 ln
911 4451 977 4528 hac
1018 4477 1054 4528 te
1100 4453 1239 4526 unicum
1280 4449 1376 4554 quod
1417 4475 1480 4526 nos
1537 4455 1591 4560 pis
1621 4451 1831 4546 indicantur,
1859 4454 1919 4532 sed
1948 4453 2046 4532 aliter
2073 4481 2179 4561 quam
2207 4455 2266 4529 fiat
2296 4454 2331 4532 iu

682 4565 773 4636 nacti
803 4589 940 4650 sumus,
971 4566 1005 4638 in
1048 4565 1244 4641 membrana
1280 4563 1480 4639 nitidissime
1537 4565 1689 4644 editione
1737 4594 1866 4668 1477.
1909 4569 1965 4644 Ad
2002 4569 2130 4646 calcem
2171 4569 2333 4677 leguntur

684 4673 915 4779 impressum.
944 4677 1066 4752 Statim
1094 4678 1166 4753 sine
1197 4675 1268 4750 ullo
1298 4677 1398 4752 titulo
1428 4677 1479 4751 itt·
1536 4678 1639 4756 haec:
1667 4679 1708 4761 ἓν
1737 4679 1797 4759 hub
1828 4679 1943 4761 Γιέῖῐιι
1972 4682 2108 4762 tabum
2135 4704 2202 4761 'ruo
2230 4678 2334 4764 alut
2398 4731 2400 4734 -

683 4788 769 4890 cipit
799 4793 814 4862 1
843 4781 1017 4876 Psalmus,
1045 4794 1143 4891 cujus
1183 4789 1291 4896 prima
1320 4788 1410 4865 linea
1439 4815 1479 4867 ac
1535 4791 1632 4868 tabu
1670 4792 1709 4870 h>
1746 4801 1934 4873 Absolutus
1971 4824 2021 4874 est
2056 4804 2140 4873 liber
2168 4801 2335 4872 Psalmo-

682 4899 898 5006 reliquorum
928 4903 1085 4978 omnium
1112 4901 1204 4978 tituli
1225 4901 1400 5008 quadratis
1419 4927 1480 5010 ty·
1535 4933 1634 4996 rum,
1662 4915 1739 4983 laus
1762 4915 1841 4986 Deo
1861 4936 1958 5006 super
1979 4939 2092 4986 omncs
2126 4917 2237 4987 Deos.
2268 4912 2335 4984 Fo-

684 5017 738 5118 pis
769 5011 960 5090 minoribus
987 5038 1066 5089 sunt
1095 5017 1268 5122 expressi.
1296 5016 1478 5096 Charactet
1534 5019 1583 5096 lio
1601 5047 1682 5098 vero
1710 5025 1868 5130 sequenti
1896 5047 1991 5100 extat
2019 5023 2055 5098 iu
2078 5049 2195 5100 nostro
2213 5046 2337 5100 ertem-

685 5149 800 5202 textus
829 5125 1027 5203 rabbinicus
1059 5151 1133 5220 est,
1173 5155 1380 5235 quamquam
1410 5133 1481 5206 mi·
1536 5134 1623 5241 plari
1653 5163 1715 5212 ms.
1756 5139 1847 5212 uota
1879 5137 2064 5244 Jehosephi
2103 5137 2166 5212 filii
2210 5141 2337 5212 Mena·

685 5265 749 5314 uus
778 5239 945 5326 inllertus,
984 5237 1074 5314 idem
1104 5241 1139 5317 in
1167 5266 1290 5350 genere
1327 5269 1407 5318 cum
1437 5270 1480 5320 eo
1535 5247 1637 5324 chem
1681 5251 1850 5343 Mariae,
1888 5253 1921 5326 iu
1950 5277 2021 5358 qua
2061 5273 2204 5328 testatur
2243 5250 2337 5328 isse

684 5377 756 5456 quo
785 5377 943 5429 exaratus
971 5376 1021 5429 est
1051 5353 1276 5431 Kimchianus
1297 5359 1480 5434 Commen·
1536 5359 1606 5436 hoc
1647 5361 1847 5440 Psalterium
1887 5363 2085 5442 Abrahamo
2113 5365 2185 5440 filio
2226 5361 2338 5441 Scab-

685 5463 789 5541 rarius
818 5465 966 5542 Psalterii
1003 5493 1104 5567 ¹477
1137 5469 1193 5546 vel
1221 5467 1419 5558 Jarchiauus
1438 5500 1478 5548 ac
1536 5475 1603 5550 taei
1643 5475 1834 5554 vendidisse
1875 5485 1928 5552 dic
1958 5497 2072 5556 xum
2115 5484 2233 5575 aprilis
2260 5487 2341 5554 uani

686 5581 840 5686 Targum
882 5582 1104 5660 Penta'teuchi
1144 5582 1367 5662 Bononiensis
1399 5587 1486 5664 anni
1537 5607 1622 5678 cca,
1663 5589 1744 5666 Chr.
1773 5615 1971 5668 mccccxc.
2018 5597 2091 5670 Nec
2120 5617 2227 5700 porro
2255 5593 2336 5670 solis
