5146 7094
871 707 1437 782 PalRSPRIMA
1907 731 1955 806 91

305 839 311 864 t

317 907 382 962 ἰιι
411 884 502 966 urani
525 881 570 964 'rt'
602 879 682 963 ἰἰι
710 881 848 963 irruitur
877 904 997 962 rrnrrr
1026 905 1112 958 ntem
1170 907 1247 972 tos,
1276 909 1375 960 amen
1405 909 1527 958 amen.
1565 881 1770 960 Benedictus
1813 881 1873 986 qni
1903 881 1962 958 dat

317 999 392 1093 trba
424 1021 546 1079 nasta·
573 995 675 1076 ntum
708 1023 777 1076 rto
804 1018 894 1075 ”tta’rr
934 993 1017 1096 nini
1046 997 1113 1072 aba
1169 997 1300 1072 defesso
1332 1000 1518 1084 virtutem,
1546 1023 1580 1074 et
1608 996 1664 1088 ei,
1693 997 1750 1072 cui
1781 997 1868 1072 vires
1896 996 1964 1072 de·

315 1110 409 1202 aaran
439 1135 558 1191 rrrru
586 1111 720 1190 tr'ruuo
748 1133 791 1204 pt
819 1107 910 1186 rrslrs
939 1133 996 1186 rvr
1015 1133 1112 1186 :arun
1169 1135 1271 1202 sunt,
1300 1111 1405 1188 robur
1434 1109 1528 1186 addit
1557 1163 1602 1198 ‚,.

314 1225 396 1306 ’'vrtt
428 1224 512 1316 vir'a
546 1285 553 1299 .
583 1247 656 1317 mter
685 1249 746 1320 part
775 1281 784 1300 .
812 1247 905 1300 :arat
946 1275 970 1312 „
1001 1230 1113 1298 Bene-
1253 1227 1343 1300 Huic
1379 1221 1558 1332 epigraphi
1596 1223 1731 1300 tertiam
1773 1221 1964 1326 subjiciunt

313 1336 472 1416 dicamus
509 1341 663 1417 Domino
703 1339 762 1443 qui
805 1363 867 1412 uos
906 1337 1106 1428 consuluit,
1165 1338 1331 1426 artifices,
1373 1339 1407 1412 in
1448 1361 1517 1443 qua
1560 1362 1727 1414 excusant
1767 1363 1825 1424 se,
1864 1333 1962 1440 quod

310 1453 509 1541 roboravit,
536 1453 772 1539 confirmavit,
812 1475 850 1526 ut
879 1451 1107 1553 inciperemus
1164 1453 1277 1558 operis
1304 1439 1408 1526 finem
1447 1449 1489 1526 ad
1520 1450 1648 1526 calcem
1693 1450 1794 1552 lrujus
1833 1449 1964 1526 ordinis

309 1589 345 1642 er
375 1565 631 1643 absolveremus
669 1562 849 1671 opificium
887 1563 1008 1638 eximii
1038 1563 1109 1638 ltu·
1167 1575 1293 1670 podant
1323 1589 1358 1640 et
1396 1563 1572 1656 indicent,
1610 1591 1720 1668 quum
1760 1564 1904 1642 deberet
1934 1562 1962 1639 is

309 1681 363 1778 jus
389 1683 501 1785 operis
529 1707 589 1756 sex
621 1679 782 1756 ordinum
811 1677 1016 1780 Misenajbtlr
1047 1693 1107 1752 serr
1164 1676 1207 1752 ad
1233 1677 1363 1754 calcem
1392 1677 1574 1765 Taorbtlr,
1595 1704 1655 1753 seu
1679 1677 1807 1754 ordinis
1826 1700 1964 1781 postre-

310 1793 552 1869 Traditionunr
583 1821 662 1869 cum
694 1791 953 1867 Commentario
973 1794 1107 1864 R.Mo-
1165 1794 1234 1879 mi,
1264 1791 1453 1885 collocari,
1492 1815 1657 1868 testantes
1694 1817 1729 1866 se
1761 1791 1847 1866 illud
1879 1789 1961 1864 ideo

309 1909 352 1980 sis
384 1906 450 1983 ben
482 1907 636 1984 Maimon
667 1905 726 1981 fel.
754 1930 858 1980 ment.
888 1903 995 2002 Quod
1026 1927 1107 1978 sane
1164 1905 1305 1992 secisse,
1335 1901 1432 2011 qnod
1460 1903 1620 1982 ordinem
1651 1902 1743 1980 lrnnc
1773 1902 1961 1978 Kodascim

309 2019 501 2124 perfectum
549 2046 598 2096 est
636 2018 766 2096 auxilio
806 2041 843 2093 et
881 2017 1105 2092 incitamento
1164 2044 1338 2125 postremo
1366 2018 1445 2094 loco
1471 2016 1706 2096 excuderint.
1746 2023 1791 2092 At
1824 2043 1904 2094 vero
1934 2021 1961 2094 si

311 2135 373 2208 viri
416 2134 451 2209 in
490 2161 563 2240 qno
599 2158 650 2210 est
690 2133 836 2238 Spiritus
875 2133 939 2206 Dei
977 2131 1106 2216 sancti,
1164 2132 1306 2208 ultimus
1333 2131 1422 2208 ordo
1450 2131 1520 2209 sine
1551 2129 1764 2240 typographi
1795 2157 1875 2207 nora
1897 2155 1963 2204 ex·

307 2243 461 2324 doctoris
491 2249 523 2323 in
552 2247 628 2354 lege
665 2272 705 2322 ac
733 2244 898 2351 sapientia
928 2242 1104 2350 perfectis·
1162 2244 1279 2352 plicit,
1309 2247 1452 2353 pretiosa
1482 2244 1545 2322 alia
1586 2249 1618 2321 in
1660 2245 1812 2322 editione
1842 2269 1958 2321 nostra

308 2360 410 2447 sinti,
454 2363 615 2468 sapientis
652 2362 691 2435 R.
730 2356 918 2434 Abrahami
962 2355 1102 2435 Talmid
1161 2360 1233 2437 illic
1260 2386 1414 2436 servatur
1456 2358 1698 2448 Maimonidis,
1736 2361 1768 2433 in
1803 2385 1870 2464 qua
1903 2385 1960 2434 as-

307 2471 472 2577 Hispani,
491 2500 596 2580 quem
620 2477 714 2549 Deus
739 2496 851 2548 servet
874 2469 1103 2546 incolumem.

307 2589 339 2660 ls
361 2589 452 2660 enirn
474 2585 711 2663 corroboravit
730 2583 951 2670 facultatem,
972 2607 1010 2659 ut
1032 2584 1102 2658 im-

307 2697 513 2803 primeretur
541 2727 582 2776 ac
610 2697 818 2806 reipublicae
849 2695 987 2775 utilitati
1016 2722 1099 2773 con·

306 2809 498 2902 suleretur,
527 2839 637 2920 quum
675 2810 723 2887 ob
753 2813 931 2918 penuriam
962 2809 1099 2888 absolu·

306 2925 424 3002 tissimi
464 2927 566 3033 buJus
602 2927 717 3034 operis
745 2927 779 3000 iu
808 2925 1009 3031 captivitate
1036 2951 1100 3000 uo·

305 3063 371 3114 stra
399 3037 592 3117 redundare
623 3039 666 3115 ad
699 3040 893 3114 universam
923 3037 1099 3114 nationem

306 3177 376 3226 non
408 3180 521 3260 posset
550 3154 847 3243 emolumentum,
876 3148 970 3258 quod
992 3155 1098 3228 Conr-

306 3269 465 3342 menrarii
492 3295 611 3346 auctor
641 3267 857 3360 intenderat,
889 3290 924 3342 ιιι
946 3263 1097 3341 declara·

306 3401 363 3454 rut
393 3382 425 3457 io
455 3387 530 3484 ejus
561 3381 790 3490 praefatione,
819 3405 923 3486 quam
952 3404 1098 3485 compo·

305 3493 393 3582 suit,
434 3519 472 3572 ιιι
500 3495 557 3572 lex
597 3493 851 3586 traditionalis,
890 3519 995 3600 quam
1034 3493 1097 3568 do·

304 3631 380 3684 ctor
409 3635 523 3686 noster
546 3634 681 3686 sanctus
702 3609 892 3716 congessit,
920 3632 1007 3684 esset
1036 3632 1096 3683 an·

305 3746 485 3797 centones
516 3749 631 3829 parata
660 3745 695 3797 et
725 3723 886 3797 instructa
917 3747 1022 3826 usque
1051 3719 1094 3795 ad

1157 2474 1238 2549 serit
1266 2499 1302 2550 se
1330 2473 1582 2578 expositionem
1613 2473 1711 2551 istam
1740 2498 1954 2579 componere

1156 2587 1334 2693 coepisse,
1362 2615 1442 2663 cum
1472 2614 1639 2665 annorum
1668 2611 1753 2664 esset
1785 2589 1890 2662 trium
1915 2612 1956 2661 ac

1156 2701 1296 2807 viginti,
1324 2725 1401 2776 eam
1432 2727 1513 2776 vero
1541 2700 1729 2779 absolvisse
1769 2701 1804 2775 in
1843 2708 1960 2808 Aegy-

1157 2840 1239 2920 pto,
1271 2841 1352 2890 curn
1382 2839 1550 2890 annorum
1569 2837 1656 2890 esset
1678 2814 1837 2920 triginta,
1866 2839 1958 2889 anno

1156 2926 1319 3005 videlieet
1349 2952 1589 3003 contractuum
1613 2927 1872 3033 septuagesimo
1896 2953 1959 3002 no·

1157 3069 1224 3118 no.
1252 3039 1362 3142 Quod
1391 3040 1616 3117 Maimonidis
1636 3040 1897 3129 testimonium,
1919 3040 1957 3115 in

1152 3153 1289 3263 figenda
1325 3181 1405 3232 vera
1443 3157 1515 3256 ejas
1558 3155 1738 3231 nativitate
1777 3180 1817 3232 ac
1860 3152 1957 3230 litte-

1152 3273 1238 3347 raria
1266 3273 1341 3372 ejus
1366 3269 1506 3346 lrisroria
1536 3269 1808 3377 gravissimum,
1837 3269 1872 3345 in
1901 3295 1956 3344 so·

1153 3383 1194 3459 lis
1222 3408 1302 3460 mss·
1341 3409 1381 3460 ac
1423 3381 1530 3462 veteri
1571 3407 1685 3458 nostra
1726 3382 1957 3488 Neapolitana

1153 3495 1305 3573 editione
1349 3495 1464 3574 adesse
1504 3521 1568 3571 suo
1607 3501 1678 3600 jam
1719 3516 1877 3602 tempore
1919 3495 1954 3571 itt

1153 3610 1363 3716 praefatione
1403 3608 1445 3687 ad
1475 3616 1611 3686 Portam
1642 3608 1747 3684 Musis
1788 3609 1957 3686 observa·

1152 3728 1201 3800 vit
1231 3751 1271 3802 ac
1301 3725 1441 3831 protulit
1471 3725 1663 3801 Pocoltius.
1692 3725 1821 3800 Extant
1849 3747 1884 3800 et
1918 3723 1954 3799 in

304 3833 396 3909 diem
427 3834 536 3922 lranc,
564 3861 631 3943 qua
653 3833 815 3912 excitavit
832 3837 1003 3912 Dominus
1022 3835 1097 3940 spi·
1155 3838 1219 3914 lrac
1247 3837 1398 3914 editione
1436 3837 1580 3946 singulis
1619 3835 1799 3914 ordinibus
1832 3838 1953 3942 praeli·

307 3949 410 4022 riturn
439 3947 567 4024 laudati
605 3949 785 4053 sapientis,
826 3974 864 4024 ut
894 3951 966 4048 ejus
994 3973 1097 4053 opera
1154 3977 1219 4026 xac
1263 3955 1376 4030 variae
1418 3953 1649 4057 interpretum
1705 3949 1955 4056 praefationes,

304 4085 402 4134 cxtra
431 4087 672 4168 spargerentur
706 4059 797 4135 illius
835 4061 1096 4136 constitutiones
1153 4064 1214 4168 qui
1244 4063 1464 4140 Maimonidis
1490 4063 1790 4140 Commentariutn
1821 4065 1855 4136 in
1878 4091 1955 4142 eos·

304 4171 337 4247 in
369 4173 531 4250 omnibus
571 4172 841 4278 dispersionibus
867 4172 1096 4278 captivitatis,
1153 4177 1234 4252 dem
1264 4177 1401 4254 ordines
1429 4201 1478 4253 ex
1518 4177 1650 4253 arabica
1691 4179 1724 4252 in
1755 4176 1951 4256 hebraicam

305 4311 339 4362 et
369 4313 508 4394 augeret
530 4310 564 4363 et
587 4288 816 4394 magnificaret
843 4286 977 4394 legem.
996 4291 1095 4361 ‘Cum
1153 4291 1307 4394 linguam
1338 4313 1539 4381 verterunt,
1566 4288 1728 4366 videlicet
1756 4287 1868 4366 ordini
1887 4295 1952 4366 Ze·

303 4425 344 4474 eo
372 4427 490 4476 autem
533 4402 718 4476 consociati
757 4405 901 4477 suntin
943 4402 1097 4508 impensa
1153 4403 1290 4491 ralrim,
1323 4403 1374 4478 vel
1404 4403 1447 4480 de
1488 4403 1700 4494 seminibus,
1730 4407 1769 4478 R.
1798 4401 1951 4482 lelrudae

305 4513 369 4590 lrac
402 4515 551 4590 maxima
583 4514 708 4590 nobilis
736 4538 771 4590 et
805 4517 1000 4591 aestimatus
1030 4514 1098 4588 do-
1155 4519 1221 4593 ben
1250 4517 1411 4604 Cluatiti,
1441 4517 1545 4594 Moed
1585 4543 1645 4592 seu
1675 4517 1720 4593 de
1748 4515 1951 4594 festivitati·

304 4628 417 4704 minus
446 4633 487 4704 R·
516 4629 641 4736 loseph
673 4628 772 4704 aben
803 4631 879 4704 Piso
902 4632 1094 4736 Hispanus,
1154 4631 1240 4720 bns,
1272 4637 1309 4706 R.
1351 4633 1487 4737 Joseplri
1526 4631 1587 4706 filii
1626 4630 1729 4708 Isaaci
1774 4631 1841 4706 ben
1884 4634 1952 4710 Ar-

303 4743 433 4817 amicus
468 4769 586 4829 meus,
627 4767 731 4848 quent
772 4747 867 4820 Deus
906 4745 1096 4830 custodiat,
1154 4746 1284 4852 pltual,
1312 4747 1373 4853 qui
1392 4771 1426 4821 et
1439 4767 1629 4852 postremos
1660 4764 1952 4854 tractarusprae·

301 4879 336 4931 et
377 4881 443 4963 ego
493 4855 664 4962 pusillus,
703 4855 865 4934 minimus
902 4857 1096 4946 sociorum,
1153 4857 1305 4938 cedentis
1334 4857 1486 4949 ordinis,
1515 4859 1575 4965 qui
1605 4885 1650 4938 ex
1679 4858 1831 4937 Clrarizii
1860 4887 1950 4938 ver-

302 4973 419 5050 Josuas
449 4970 613 5047 Salomon
653 4970 841 5058 Soncinas,
890 4971 990 5073 lrnjus
1019 4975 1096 5048 artis
1151 4975 1247 5048 sione
1300 5000 1370 5048 non
1412 4975 1700 5078 reperiebantur,
1744 4972 1950 5079 supplevit,

302 5081 441 5189 opifex,
469 5085 604 5190 fuitque
631 5083 708 5158 finis
736 5093 811 5188 ejus
843 5086 930 5162 feria
953 5111 1013 5176 ιιι,
1038 5085 1096 5162 die
1152 5085 1309 5176 Nascim,
1336 5112 1395 5164 seu
1427 5087 1633 5174 mulierum,
1673 5093 1712 5164 R.
1742 5087 1856 5170 Jacobi
1886 5088 1949 5164 filii

301 5221 343 5272 ιιι
375 5199 499 5274 mensis
528 5200 589 5302 jiar
617 5224 709 5274 arrno
737 5223 831 5276 cctrr
860 5199 948 5276 sexti
980 5201 1090 5276 mille·
1146 5202 1252 5278 Musis
1282 5202 1348 5278 ben
1389 5201 1536 5289 Aclrsai,
1576 5200 1747 5284 Nezikin,
1787 5227 1847 5276 seu
1890 5201 1950 5278 da·

300 5312 384 5386 narii
414 5311 470 5388 hic
499 5313 665 5419 Neapoli·
693 5312 824 5422 Dirigat
854 5339 929 5392 eam
958 5314 1090 5389 Altissi·
1147 5342 1327 5405 muorum,
1349 5320 1389 5390 R.
1411 5315 1604 5392 Salomonis
1623 5314 1686 5390 filii
1707 5313 1867 5419 Joseplti,
1894 5315 1949 5390 di·

301 5445 402 5512 mus,
440 5449 475 5502 et
504 5429 689 5506 extollatur
717 5435 876 5532 majestas
904 5429 993 5536 regis
1020 5431 1094 5530 ejus
1150 5430 1197 5504 cti
1226 5428 1293 5506 ben
1321 5428 1450 5520 Jacob,
1477 5451 1628 5533 excepto
1656 5451 1802 5502 tractatu
1826 5427 1947 5504 Avbtb

301 5539 379 5612 Dou
415 5539 593 5632 Ferando,
629 5545 690 5647 qni
731 5543 824 5622 vivat
863 5569 969 5620 annos
998 5542 1095 5620 mul·
1150 5541 1211 5654 qui
1227 5546 1392 5622 retinetur
1413 5567 1458 5620 ex
1479 5541 1636 5620 versione
1654 5539 1822 5620 Samuelis
1842 5539 1943 5618 Abeo
