5146 7094
538 3365 540 3372 .
637 3300 885 3378 Basileensihus
914 3328 954 3378 ac
982 3304 1122 3378 Venetis
1150 3324 1251 3378 etex
1274 3327 1349 3377 mss.
1377 3326 1435 3377 co-

576 735 578 740 ’
652 765 728 818 tto
1108 737 1459 815 ANNALES
1507 737 1852 812 HEB.-TYP.

645 925 813 1017 (cerva,
850 913 933 993 Chr.
968 915 1110 1017 1496)
1141 913 1244 998 Jacob
1271 919 1438 993 laetitiam
1496 938 1566 991 tem
1608 909 1792 990 illustrauit
1826 908 1944 988 oculos
1966 912 2122 1020 gentium
2145 912 2214 992 fide
2231 943 2293 994 sua

643 1035 799 1127 (Ierem.
827 1057 926 1108 xxxr
958 1034 1013 1131 7)
1042 1033 1200 1119 Romae,
1230 1053 1264 1106 et
1294 1054 1358 1136 pto
1385 1032 1438 1132 ju·
1496 1052 1602 1134 usque
1632 1028 1674 1102 ad
1703 1027 1807 1102 finem
1834 1053 1961 1118 terrae,
1985 1055 2093 1134 quum
2117 1055 2199 1106 ecce
2223 1057 2302 1105 tna·

645 1145 736 1222 stitia
765 1171 804 1222 ac
834 1144 967 1221 ratione
997 1143 1176 1250 obsignavi
1213 1143 1270 1218 hie
1310 1167 1435 1218 nomeu
1494 1139 1590 1218 xima
1619 1141 1772 1250 gentium
1804 1167 1881 1246 pars
1909 1167 1979 1217 non
2003 1166 2163 1248 sequatur
2186 1143 2292 1220 fidem

643 1283 784 1347 meum,
805 1283 871 1366 ego
893 1258 1055 1336 Salomon
1078 1256 1215 1334 Scataei
1237 1312 1281 1346 „.
1309 1261 1439 1355 Quam·
1496 1249 1629 1362 ipsius?
1652 1255 1821 1333 israelitae
1839 1257 1932 1330 enim
1954 1277 1989 1330 et
2011 1255 2197 1334 asmaelitae
2219 1259 2292 1360 ejus

642 1375 696 1450 vis
724 1371 899 1450 ‘character
936 1372 1058 1450 hicio
1098 1373 1191 1448 nulla
1220 1371 1285 1446 alia
1314 1368 1439 1446 editio-
1495 1370 1695 1478 religionem
1726 1395 1795 1446 non
1816 1367 2073 1476 amplectuntur
2094 1423 2134 1462 „.
2164 1375 2290 1450 Extant

642 1509 707 1576 ne,
734 1485 855 1564 saltem
885 1509 991 1572 nota,
1016 1510 1072 1564 xv
1092 1485 1196 1564 seculi
1220 1507 1439 1592 compareat,
1495 1483 1582 1560 haec
1613 1484 1718 1562 verba
1747 1507 1823 1558 turn
1853 1488 1886 1561 in
1928 1510 2006 1559 mss.
2045 1485 2292 1574 Pocockianis,

607 1623 687 1706 ,err
714 1605 788 1703 'ejus
817 1624 930 1676 tamen
971 1597 1080 1676 forma
1111 1600 1254 1707 propius
1295 1599 1338 1674 ad
1369 1597 1437 1672 his-
1495 1602 1634 1674 tamin
1666 1597 1751 1674 meis
1787 1623 1913 1694 1004,
1950 1623 2077 1697 1070,
2102 1623 2138 1676 et
2165 1607 2291 1694 1184,

641 1716 797 1821 punicam
829 1737 1018 1822 vergente,
1047 1739 1080 1790 et
1110 1739 1154 1789 ex
1172 1714 1311 1790 chartae
1339 1713 1436 1818 signo
1494 1737 1705 1818 quamquam
1735 1737 1815 1787 cum
1844 1711 1970 1819 exigua
1998 1710 2154 1788 lectionis
2183 1711 2290 1788 narie·

641 1828 765 1930 conjici
796 1851 907 1932 potest
936 1853 1009 1900 eam
1053 1827 1276 1904 verosimilius
1305 1827 1339 1901 in
1369 1829 1438 1900 Lu·
1494 1849 1587 1900 rate.
1627 1831 1713 1901 Nam
1753 1851 1849 1901 meus
1887 1849 1988 1924 ¹070
2020 1849 2083 1932 pro
2112 1826 2179 1903 ron
2208 1825 2291 1932 legit

643 1942 761 2017 simnia
792 1939 906 2015 lucem
939 1939 1082 2015 vide-se.
1111 1941 1206 2015 Idem
1226 1941 1316 2013 enim
1340 1938 1438 2013 char·
1495 1960 1544 2016 tna*
1572 1946 1612 2014 da
1650 1944 1731 2015 Iesu
1769 1961 1803 2012 et
1852 1941 1956 2035 1184
1991 1935 2138 2016 emmiu
2167 1937 2209 2020 inl
2251 1945 2291 2013 de

643 2076 696 2128 tae
725 2055 880 2163 signum,
911 2080 968 2129 seu
1000 2079 1121 2128 mmms
1150 2079 1290 2128 extensa
1320 2077 1353 2127 et
1375 2053 1437 2127 flos
1494 2057 1574 2128 Deo
1603 2079 1693 2128 sno.
1731 2050 1799 2128 Sed
1839 2054 2053 2128 Soneioeusis
2082 2053 2216 2139 editio,
2255 2075 2292 2128 ut

643 2193 688 2242 ex
719 2194 758 2244 ea
803 2166 974 2273 pendens,
1006 2167 1215 2272 conspicitur
1244 2166 1278 2240 in
1307 2163 1437 2241 editio·
1494 2191 1528 2241 et
1557 2165 1764 2242 Pisaurensis
1793 2191 1847 2239 atr.
1884 2167 1986 2262 1516
2016 2165 2289 2243 Christianorum

640 2279 743 2357 nihus
792 2281 905 2370 Ischr,
944 2280 1162 2388 Ulyssiponis
1208 2307 1248 2356 ac
1287 2279 1438 2369 Leiriae,
1494 2301 1529 2355 et
1560 2279 1727 2357 Crucifixi
1764 2279 1818 2354 vel
1857 2285 1934 2360 lesu
1978 2276 2145 2355 vocabula
2187 2279 2292 2354 omit·

639 2420 729 2498 quae
758 2395 791 2471 in
822 2393 994 2470 Lusitania
1027 2393 1247 2500 prodierunt.
1494 2415 1595 2470 tunt.
1624 2397 1663 2468 ln
1693 2416 1763 2468 uno
1790 2416 1834 2466 err
1863 2391 1985 2470 nostris
2013 2391 2211 2482 codicibus,
2242 2391 2295 2466 vi·

727 2507 988 2584 Antichrisriamr
1034 2507 1108 2582 loca
1155 2529 1266 2584 servat
1310 2501 1436 2581 in'tacta
1493 2503 1620 2584 delicet
1656 2506 1691 2581 in
1740 2531 1866 2607 1173,
1903 2506 2032 2614 integer
2074 2506 2130 2582 hic
2174 2529 2291 2580 textus

641 2641 678 2695 et
719 2618 863 2726 quidem
917 2622 1069 2728 pleniora
1110 2617 1225 2724 quoad
1268 2617 1436 2695 nonnulla
1493 2617 2291 2724 omittitur,coutral'isaurensiseditnsquod·

642 2733 772 2824 verba,
802 2759 906 2840 quam
937 2733 1099 2814 exhibeat
1136 2733 1354 2811 Soucinensis
1382 2733 1435 2839 ip·
1492 2733 1574 2808 darn
1603 2732 1661 2808 hic
1690 2732 1805 2808 inserit
1834 2730 2109 2810 additamentum
2138 2738 2292 2810 aPoco-

639 2871 674 2923 sa
702 2847 808 2923 editio
836 2869 925 2952 quae
955 2847 1134 2952 hucusque
1163 2847 1319 2922 omnium
1350 2847 1437 2922 inte·
1492 2847 1575 2922 ckio
1604 2845 1748 2922 relatum
1779 2873 1826 2952 p.v
1847 2871 1948 2948 319,
1987 2845 2083 2953 quod
2112 2871 2181 2923 non
2211 2871 2293 2922 rno-

638 2961 785 3068 gerrima
814 2958 1024 3038 habebatur.
1066 2959 1237 3068 Exemplo
1266 2960 1309 3036 sit
1337 2959 1438 3037 locus
1491 2957 1540 3035 do
1581 2958 1654 3035 bini
1694 2960 1908 3038 oxonienses
1946 2959 1991 3038 ab
2024 2985 2066 3036 en
2103 2960 2291 3070 producti,

639 3075 713 3149 lsai.
755 3098 847 3150 xnrx
887 3077 939 3163 6,
985 3100 1091 3183 quem
1131 3079 1199 3178 jam
1238 3073 1435 3150 observavit
1491 3071 1551 3150 sed
1579 3095 1615 3150 et
1643 3073 1712 3150 mei
1740 3097 1859 3151 omnes
1889 3095 2078 3182 respuunt.

639 3189 830 3263 Pocoekius
869 3187 986 3265 deesse
1017 3191 1051 3264 in
1091 3187 1210 3264 Bibliis
1252 3186 1434 3264 rabbinicis
1863 3251 1914 3323 Η

637 3413 775 3494 dicihns
814 3415 960 3490 restituit
1001 3416 1035 3490 in
1075 3416 1173 3492 Notis
1212 3415 1436 3492 miscellaneis
1570 3417 1616 3490 ll.
1648 3417 1787 3516 Jedajae
1808 3417 1980 3514 Appenini
2000 3419 2179 3492 Btclrlua'd
2198 3421 2291 3494 olim

635 3525 680 3603 ad
711 3531 847 3604 Portam
887 3527 995 3603 Mosis
1038 3555 1115 3638 pag.
1150 3532 1225 3630 318
1256 3526 1313 3604 ed.
1341 3529 1436 3638 Lips.
1493 3553 1551 3604 atta
1596 3529 1752 3606 Examen
1782 3536 1921 3618 mundi,
1971 3539 2006 3604 t'rt
2037 3555 2074 3624 4.
2114 3541 2292 3612 mintius

636 3637 754 3717 Editio
793 3641 876 3718 haec
921 3643 1077 3748 princeps
1120 3641 1168 3717 sic
1211 3643 1314 3749 plene
1353 3669 1435 3718 eum
1493 3669 1580 3717 anto
1607 3667 1641 3716 et
1678 3646 1779 3731 loco,
1819 3650 1877 3720 sed
1913 3647 2078 3718 Mantuae
2117 3655 2205 3722 circa
2233 3671 2291 3724 art·

637 3753 740 3860 legit:
782 3755 898 3856 (sic)
939 3776 1020 3850 paon
1057 3776 1236 3834 maurane
1275 3777 1437 3834 nuaram
1496 3774 1704 3844 terraram,
1734 3762 1861 3834 clarina·
1889 3775 2169 3834 mccccrxrrar.

637 3889 722 3946 :rna
749 3866 820 3946 aab
850 3888 909 3944 nm
931 3888 1019 3948 utun
1049 3865 1147 3947 'nanu
1177 3869 1270 3948 'timu
1299 3867 1341 3951 ia
1370 3868 1437 3948 mira
1573 3875 1738 3948 Mantuae
1780 3875 1933 3946 Conatus
1961 3869 2194 3976 imprimebat
2235 3897 2291 3949 an.

638 4001 720 4056 nanu
748 4025 758 4054 .
785 4003 875 4075 mam
895 3977 975 4078 ’usp
1012 4003 1057 4066 aa
1086 4005 1217 4066 manure
1244 4003 1304 4066 *aar
1331 4004 1436 4064 rtur-ru
1502 3986 1630 4083 1476,
1659 4003 1698 4058 ut
1728 4007 1823 4093 patet
1850 4011 1895 4061 ex
1924 3983 2039 4061 Oraclr
2067 3983 2202 4061 Chaiim
2225 3984 2292 4066 hue

639 4114 736 4172 anun
757 4117 826 4177 nat
846 4115 909 4178 'ann
931 4117 994 4171 ratu
1015 4095 1093 4174 otiu
1121 4120 1182 4174 tran
1209 4122 1275 4174 mu
1295 4117 1326 4172 ³2
1347 4097 1433 4177 mni
1488 4103 1546 4205 }us
1575 4096 1680 4185 anni,
1707 4123 1811 4206 quem
1840 4123 1876 4175 et
1907 4097 2060 4205 primum
2084 4097 2192 4174 uideri
2215 4103 2292 4202 ejus

636 4229 704 4284 :re
730 4231 842 4294 tusam
871 4229 917 4291 tut
946 4207 978 4288 ti
1006 4233 1065 4288 nm
1107 4210 1149 4288 m
1176 4231 1231 4292 ’tur
1271 4233 1330 4288 :nrt
1357 4212 1434 4292 rm
1489 4211 1623 4288 foetum
1649 4234 1696 4288 err
1725 4213 1999 4321 typographicae
2029 4213 2111 4288 artis
2151 4211 2293 4288 laboris-

633 4343 770 4398 ummun
791 4345 899 4402 :mm
919 4343 980 4408 *nen
1008 4347 1086 4402 aun
1114 4348 1178 4420 pto
1205 4324 1283 4402 rrhrr
1310 4345 1370 4402 nau
1399 4347 1431 4420 p
1487 4351 1555 4432 que
1583 4325 1710 4402 summi
1740 4353 1759 4401 a
1788 4355 1823 4403 se
1853 4328 1886 4402 in
1917 4349 1956 4401 ea
1984 4323 2194 4404 addiscenda
2224 4328 2289 4404 im·

631 4455 686 4512 :m
710 4457 846 4512 antenna
888 4459 981 4514 :aare
1011 4461 1110 4518 ruam
1146 4459 1245 4531 rann.
1265 4461 1357 4535 ruer>
1385 4459 1432 4522 'nt
1489 4440 1585 4546 pensi
1614 4438 1867 4546 descriptione,
1895 4463 1984 4546 quae
2030 4439 2066 4515 in
2095 4437 2288 4548 epigraphe

631 4567 768 4624 maiorm
808 4570 902 4626 :atu
944 4549 1087 4634 ittuntur
1123 4549 1224 4630 aaut
1252 4573 1285 4629 ’ἢ
1321 4575 1429 4630 mnam
1486 4554 1550 4641 fit,
1586 4541 1909 4640 animadvertimus,
1950 4553 2013 4628 nisi
2053 4554 2131 4660 quis
2167 4553 2289 4640 malit,

632 4713 654 4749 „
675 4660 872 4736 Christianis
891 4688 973 4739 vero
1001 4665 1063 4772 qui
1083 4667 1347 4771 interpretantur
1366 4665 1431 4742 hos
1486 4665 1642 4771 subjeci,
1669 4667 1768 4744 illurn
1797 4663 1962 4777 vulgandi
1992 4666 2287 4774 primispecimi·

631 4797 748 4849 textus
794 4772 839 4848 de
884 4777 1084 4865 Crucifixo,
1122 4776 1274 4854 dicentes
1313 4778 1427 4885 ipsum
1485 4779 1539 4857 nis
1579 4777 1723 4888 gloriam
1765 4783 1864 4858 uxori
1907 4781 2102 4883 reliquisse.
2142 4787 2182 4858 ln
2214 4779 2285 4856 hoc

631 4885 734 4963 fuisse
764 4885 798 4960 in
837 4883 955 4963 lumen
983 4889 1163 5000 gentibus,
1191 4889 1288 4997 qnod
1318 4919 1431 4999 popu·
1486 4895 1577 4971 enim
1607 4893 1723 4971 libello
1751 4893 1875 4971 Conari
1902 4893 2048 5001 quidem
2078 4893 2197 5002 typis,
2223 4891 2287 4972 sed

629 4999 743 5076 lorum
759 4997 880 5077 oculos
898 4999 1115 5081 illustraverit
1134 5004 1303 5112 usquead
1325 5006 1429 5082 linem
1487 5007 1541 5082 ah
1559 5011 1633 5112 ejus
1677 5033 1785 5086 uxore
1826 5031 1887 5086 aut
1922 5007 1989 5084 sub
2031 5010 2105 5112 ejus
2143 5007 2286 5086 nomine

631 5139 763 5206 terrae,
792 5111 850 5190 dic
878 5115 948 5205 eis,
975 5115 1119 5223 quodsi
1141 5119 1283 5226 ipseest
1312 5125 1430 5212 Deus,
1484 5120 1604 5196 saltem
1633 5148 1765 5199 excuso
1805 5123 1914 5200 lineae
1943 5147 1984 5200 ac
2022 5123 2169 5231 paginae
2196 5118 2287 5198 adeo

628 5253 697 5302 non
727 5255 777 5304 est
806 5256 947 5324 servus,
977 5255 1011 5306 et
1038 5257 1152 5308 rursus
1171 5257 1281 5338 quum
1298 5231 1428 5311 dixerit
1487 5260 1566 5312 suot
1597 5237 1812 5344 inaequales,
1839 5235 1946 5314 modo
1983 5233 2175 5323 breviores,
2205 5259 2289 5312 rno-

628 5345 725 5418 Deus
755 5368 854 5434 meus
881 5343 945 5442 fnit
962 5341 1131 5424 fortitudo
1154 5373 1340 5438 mea,non
1357 5371 1429 5426 etat
1485 5348 1533 5427 dn
1561 5351 1755 5460 longiores,
1792 5374 1831 5428 ut
1861 5349 1917 5429 rel
1953 5350 2034 5428 artis
2074 5349 2190 5429 adhuc
2218 5374 2288 5424 na·

629 5455 661 5532 ei
689 5455 859 5534 fortitudo
888 5483 907 5534 a
935 5460 1144 5568 semetipso.
1187 5459 1295 5562 Quod
1321 5463 1349 5540 si
1378 5466 1423 5542 ita
1483 5464 1628 5557 scennis,
1658 5463 1714 5541 ael
1752 5463 1930 5544 muliebris
1967 5464 2097 5575 ingenii
2127 5488 2199 5540 rem
2230 5487 2290 5540 su·

628 5593 701 5663 est,
730 5572 801 5679 ipse
830 5597 900 5648 oon
927 5599 980 5652 est
1010 5579 1123 5654 Deus.
1152 5575 1344 5682 Quomodo
1365 5605 1429 5658 au·
1485 5605 1546 5688 pra
1575 5577 1663 5660 eires
1689 5580 1851 5660 tentantis
1878 5577 2056 5690 specimen
2075 5577 2200 5658 debeat
2223 5575 2288 5656 ha·
