5146 7094
635 734 688 808 80
1087 729 1443 806 ANNALES
1498 727 1845 802 HEBr-TYP.

629 910 728 988 brem
770 908 850 986 anni
890 904 1011 984 nostri·
1037 903 1196 984 exeuntis
1241 931 1345 1005 1490
1374 904 1418 982 arl
1474 925 1554 980 suut
1582 901 1758 1010 quadratis
1788 899 1999 1006 majoribus,
2031 923 2070 980 ut
2098 923 2134 981 et
2156 901 2272 1012 siugu-

631 1050 736 1132 quem
768 1046 948 1131 propterea
976 1045 1127 1108 annum,
1165 1045 1254 1107 non,
1284 1043 1321 1095 ut
1350 1045 1419 1096 an·
1475 1016 1528 1092 lae
1556 1015 1707 1104 radices,
1749 1016 1942 1094 minoribus
1971 1043 2092 1094 earum
2122 1019 2271 1124 exposi-

629 1161 685 1216 tea
713 1138 881 1228 fecimus,
923 1132 967 1211 ad
1018 1160 1145 1234 1491,
1187 1131 1419 1209 transferenda
1476 1131 1527 1206 tio
1555 1157 1595 1205 ac
1624 1154 1762 1221 textus,
1802 1130 1986 1207 rabbinicis
2027 1129 2107 1208 libri
2149 1157 2190 1208 ac
2219 1157 2272 1208 sc·

630 1277 684 1328 est
712 1250 845 1328 editio.
885 1249 1048 1355 Sequitur
1078 1245 1241 1324 elenchus
1269 1246 1421 1324 Psalmo-
1476 1243 1638 1336 ctiones,
1666 1243 1759 1320 unde
1784 1243 1864 1319 loca
1907 1243 2164 1337 desumuntur,
2202 1272 2272 1322 non

627 1369 726 1442 ruin.
769 1363 911 1443 Librum
955 1361 1191 1453 Psalmorum,
1232 1359 1294 1466 qui
1338 1387 1420 1438 curn
1477 1355 1521 1434 ad
1552 1359 1771 1466 marginem,
1800 1384 1838 1434 ut
1869 1359 1902 1432 iu
1933 1357 2039 1465 priori
2067 1358 2128 1450 fit,
2154 1357 2270 1434 sedin

519 1507 528 1520 ·
628 1479 818 1589 epigraphe
859 1476 1058 1563 claudatur,
1086 1473 1231 1552 elencho
1258 1499 1293 1550 et
1322 1474 1422 1583 pagi·
1478 1495 1683 1570 contentum
1707 1473 1819 1578 ipsum
1845 1472 2010 1548 insertae.
2038 1474 2184 1582 Paginae
2204 1470 2271 1548 du·

628 1620 673 1670 na
701 1593 798 1684 alba,
836 1593 975 1668 seorsim
1006 1588 1061 1667 vel
1100 1588 1251 1696 primurn
1283 1588 1421 1664 videtur
1478 1584 1560 1691 plici
1587 1611 1743 1664 constant
1783 1585 1966 1674 columna,
2006 1611 2047 1662 ac
2084 1585 2269 1662 columnae

628 1707 769 1798 editus,
812 1704 993 1813 excipiunt
1037 1703 1101 1785 lob
1153 1725 1186 1777 et
1234 1701 1418 1779 Proverbia
1476 1697 1573 1774 lineis
1617 1727 1692 1798 45,
1734 1699 1865 1809 integra
1910 1725 1993 1776 veto
2029 1697 2136 1776 editio
2177 1698 2267 1776 foliis

628 1821 760 1928 absque
799 1820 871 1897 ullo
915 1818 1044 1904 titulo,
1070 1841 1196 1892 ornatu
1224 1836 1260 1890 et
1287 1815 1419 1924 epigra·
1484 1814 1580 1888 168.
1636 1813 1787 1919 Explicit
1829 1813 2004 1921 rythmica
2056 1811 2265 1920 epigraphe,

627 1936 719 2042 phe,
757 1935 866 2010 immo
907 1957 971 2009 nec
1008 1929 1172 2006 adhibitis
1210 1927 1353 2035 quidem
1384 1930 1418 2005 iu
1474 1951 1543 2032 qua
1573 1927 1812 2034 typographus
1838 1930 1994 2034 exposita
2023 1925 2101 2003 libri
2131 1953 2168 2002 et
2193 1925 2267 2004 edi·

629 2049 717 2126 binis
748 2047 935 2124 initialibus
964 2044 1089 2120 horum
1119 2043 1287 2119 librorum
1318 2069 1419 2120 voca·
1475 2041 1576 2116 tionis
1607 2042 1834 2147 praestantia,
1861 2066 2005 2117 cunctos
2033 2039 2074 2116 ad
2105 2045 2182 2145 ejus
2212 2069 2268 2119 ac·

628 2161 741 2252 bulis,
779 2187 867 2268 quae
897 2160 931 2236 iu
962 2157 1074 2234 fronte
1101 2156 1337 2246 collocantur,
1368 2157 1421 2233 ul·
1476 2153 1696 2257 quisitionem
1741 2154 1883 2244 invitat,
1929 2155 2111 2259 subjiciens
2159 2157 2271 2238 soluta

627 2275 669 2352 lis
698 2276 883 2380 majoribus
911 2272 1107 2348 elementis.
1146 2275 1233 2346 Tres
1260 2269 1337 2345 libri
1368 2268 1421 2345 fo-
1477 2267 1631 2344 oratioue
1660 2293 1695 2344 se
1724 2294 1806 2345 eum
1846 2268 1977 2374 duplici
2008 2270 2167 2346 columna
2197 2299 2267 2377 ap-

626 2388 681 2466 liis
708 2413 865 2466 constant
914 2413 1014 2488 123,
1051 2411 1202 2492 quorum
1235 2410 1287 2482 74
1316 2409 1419 2459 occu·
1476 2379 1664 2489 positisque
1692 2381 1833 2490 singulis
1860 2408 1923 2458 suo
1953 2381 2032 2458 loco
2056 2383 2268 2462 Biblicorum

629 2529 710 2608 pant
741 2502 890 2590 Psalmi,
936 2502 986 2576 26
1031 2499 1162 2591 Johns,
1196 2523 1244 2600 23
1276 2502 1420 2574 Prover-
1477 2520 1638 2571 versuum
1680 2495 1882 2572 testimoniis
1920 2521 1956 2571 et
1994 2496 2164 2573 indicibus
2192 2497 2271 2575 edi-

625 2616 704 2705 bia,
735 2641 919 2721 tantaeque
959 2612 1102 2690 raritatis
1131 2636 1181 2686 est
1223 2610 1351 2701 editio,
1381 2634 1419 2686 ut
1474 2605 1564 2685 disse
1593 2633 1667 2685 tum
1689 2607 1733 2685 ad
1758 2615 1923 2714 majorem
1945 2613 2017 2712 ejus
2039 2610 2268 2719 elegantiam,

626 2732 761 2806 nonnisi
792 2729 859 2804 hoc
890 2727 1031 2804 unicum
1062 2748 1215 2801 nostrum
1238 2721 1417 2830 hucusque
1476 2747 1550 2799 turn
1572 2721 1615 2798 ad
1635 2725 1905 2801 commodiorem
1925 2724 2113 2833 legentium
2147 2751 2272 2802 usnm.

625 2867 747 2924 notum
778 2843 820 2919 sit
850 2843 1054 2948 exemplar,
1089 2837 1184 2946 quod
1213 2865 1322 2946 quum
1352 2863 1419 2914 sta·
1474 2835 1564 2912 Deio
1604 2836 1766 2915 dicuntur
1807 2837 1871 2915 bae
1911 2838 2054 2914 Radices
2092 2861 2141 2918 rto
2168 2839 2268 2919 thiu)

558 3053 561 3058 Ι
627 2957 686 3034 tim
729 2981 806 3064 post
857 2955 1068 3044 editionem,
1108 2977 1148 3028 ut
1199 2977 1332 3029 constat
1370 2977 1417 3028 cx
1473 2971 1536 3028 nnc
1574 2971 1646 3032 uun
1683 2973 1753 3029 tunt
1789 2974 1885 3032 tumn
1923 2975 2006 3031 nm
2043 2951 2146 3032 *hom
2185 2975 2263 3038 nrm

625 3072 768 3148 arabicis
798 3070 948 3146 numeris
976 3070 1030 3145 vel
1066 3066 1179 3144 latinis
1206 3066 1327 3144 litteris
1355 3065 1415 3142 ali·
1470 3085 1550 3144 'tntu
1576 3089 1717 3146 &trum
1744 3088 1884 3147 wnnot
1913 3067 2030 3145 moin
2057 3091 2163 3146 ouon
2190 3089 2261 3146 nito

625 3185 707 3262 cubi
737 3186 878 3291 antiqua
910 3209 964 3262 xv
993 3181 1099 3264 seculi
1130 3206 1231 3256 manu
1256 3180 1415 3268 insertis,
1472 3177 1605 3258 ..ns-h
1633 3233 1656 3273 „
1683 3180 1869 3256 Absolutae
1900 3179 1959 3256 hic
1996 3184 2030 3259 in
2063 3181 2146 3257 urbe
2175 3187 2262 3258 Nea-

623 3298 876 3378 aChristiauis
921 3297 1024 3373 fuerit
1066 3293 1271 3400 acquisitum
1313 3294 1412 3369 etin
1471 3291 1545 3400 poli
1573 3292 1657 3370 feria
1685 3295 1712 3368 tr
1741 3295 1798 3370 die
1820 3319 1833 3370 1
1854 3293 1979 3370 mensis
2009 3293 2089 3370 adar
2111 3294 2261 3392 (febr.)

624 3434 746 3489 eorum
769 3405 1413 3516 manibusservatum,integerrimum
1470 3431 1562 3482 anno
1606 3407 1650 3482 ab
1678 3407 1761 3482 orbe
1801 3405 1942 3482 condito
1971 3408 2155 3515 quinquies
2183 3409 2264 3490 mil·

624 3548 659 3598 er
703 3525 994 3631 elegantissimum
1038 3523 1081 3598 ad
1123 3547 1186 3595 nos
1236 3521 1413 3627 pervenit.
1470 3519 1590 3597 lesimo
1619 3519 1855 3597 ducentesimo
1883 3521 2170 3632 quiuquagesimo
2192 3522 2265 3628 pri·

624 3635 692 3718 Sed
724 3638 809 3712 baec
839 3663 913 3713 sors
941 3637 1077 3713 nonnisi
1108 3635 1287 3742 perpaucis
1315 3635 1413 3712 libris
1470 3659 1529 3710 nro
1550 3688 1593 3722 „.
1624 3636 1786 3740 Sequitur
1816 3635 1918 3710 unius
1957 3635 2029 3710 folii
2058 3636 2264 3743 appendix,

624 3775 658 3826 et
688 3749 946 3859 exemplaribus
974 3749 1142 3858 contigit.
1255 3761 1258 3766 '
1472 3773 1541 3852 qna
1579 3746 1621 3824 ad
1651 3748 1730 3824 libri
1772 3746 2015 3856 perfectionem
2058 3749 2267 3856 supplentur

1473 3860 1574 3938 binae
1601 3860 1782 3938 columnae
1811 3861 1846 3935 in
1877 3863 1990 3938 radice
2020 3861 2137 3940 daleth
2167 3865 2264 3941 osci-

862 3986 906 4056 M
919 3985 947 4058 C
957 3987 1022 4060 CC
1031 3985 1143 4060 CXC
1151 3986 1177 4056 1
1471 3998 1587 4052 tantur
1613 3977 1777 4052 omissae.
1824 3979 1876 4052 Ert
1916 3976 2077 4054 foliorum
2124 4003 2262 4055 summa

906 4155 939 4226 Χ
958 4157 989 4226 X
1009 4156 1039 4226 X
1059 4155 1090 4229 V
1110 4155 1127 4226 1
1471 4114 1566 4197 patet
1594 4089 1786 4170 Mediceum
1817 4088 1994 4197 exemplar
2014 4090 2056 4167 ad
2080 4093 2168 4170 hanc
2189 4090 2265 4168 etli-

1471 4209 1601 4282 tionem
1645 4203 1762 4280 referri
1806 4230 1874 4279 non
1914 4229 2037 4309 posse,
2077 4229 2115 4283 ut
2160 4229 2262 4312 putat

701 4327 748 4398 R.
782 4327 903 4398 David
930 4327 1074 4398 Kimclrr'
1103 4321 1204 4396 Liber
1231 4320 1414 4396 Seararcim
1472 4317 1689 4406 Bisciouius,
1718 4318 1745 4392 si
1775 4315 1860 4393 illud
1890 4315 2030 4420 quidem
2059 4315 2150 4392 foliis
2178 4345 2265 4394 cou-

621 4463 678 4511 rett
708 4441 897 4526 Raditum,
926 4447 959 4510 in
984 4439 1052 4532 fol.
1081 4449 1161 4508 min.
1189 4439 1336 4528 Neapoli
1363 4461 1415 4508 an.
1470 4453 1536 4506 stat
1573 4437 1670 4532 183,
1700 4455 1737 4506 ut
1761 4428 1789 4506 is
1816 4454 1956 4505 testatur
1986 4428 2151 4516 Biblioth.
2179 4431 2263 4508 heb.

628 4545 663 4622 ᾗ.
694 4568 781 4622 cerr
811 4555 851 4622 ab
883 4557 928 4624 0.
956 4554 1012 4634 C,
1042 4556 1115 4626 cur.
1143 4565 1350 4621 Mccccxcr.
1470 4545 1559 4622 Flor.
1589 4571 1624 4648 p.
1653 4569 1734 4646 434
1764 4540 1880 4617 edin
1920 4545 1958 4615 8.
1997 4540 2269 4650 Oppenheitne-

708 4659 902 4736 Editiouem
934 4661 1022 4737 hanc
1050 4687 1069 4736 a
1098 4660 1321 4765 Neapolitana
1350 4656 1412 4734 alia
1471 4659 1605 4734 rianum
1630 4658 1726 4763 qnod
1758 4657 1903 4732 Wolfius
1933 4655 2083 4742 viderat,
2119 4657 2180 4732 fol.
2211 4659 2262 4756 48

571 4829 575 4837 .
621 4772 701 4847 anui
750 4797 852 4870 ¹490
894 4773 1159 4850 diversissimam
1201 4798 1273 4848 esse
1309 4796 1413 4876 supra
1470 4770 1570 4848 refert
1591 4771 1800 4880 Seligmanni
1823 4769 2029 4880 Catalogus.
2057 4775 2182 4848 Notatu
2213 4772 2267 4848 di-

621 4883 950 4975 animadvertimus,
977 4911 1011 4963 et
1039 4914 1084 4962 ert
1112 4886 1340 4990 descriptione
1361 4888 1414 4990 ip-
1472 4912 1580 4995 gnum
1623 4911 1673 4960 est
1702 4886 1976 4962 Christianorum
2017 4912 2057 4962 ac
2089 4885 2265 4992 religionis

621 5025 658 5076 sa
689 4999 866 5077 manifeste
909 5001 1132 5108 intelligitur.
1172 5001 1295 5106 Incipit
1327 4999 1411 5074 haec
1474 4997 1661 5083 vocabula,
1704 5011 1793 5104 quae
1831 4999 1897 5076 sub
1938 4995 2052 5074 radice
2083 4997 2184 5080 :hrt
2229 5002 2264 5076 in

620 5113 726 5189 altera
764 5111 836 5188 folii
880 5114 1002 5220 pagina
1041 5141 1083 5189 eo
1125 5140 1258 5220 prorsus
1285 5136 1409 5188 ornatu
1468 5111 1685 5221 praecedenti
1714 5111 1868 5189 editione
1897 5113 2033 5188 fuerant
2053 5137 2262 5218 suppressa,

620 5229 875 5333 circumsepta,
918 5228 978 5333 qni
1030 5253 1125 5304 extat
1168 5225 1234 5302 sub
1273 5226 1409 5301 initium
1457 5229 1502 5300 in
1546 5225 1609 5300 hac
1653 5253 1723 5300 esse
1767 5229 1944 5312 restituta,
1987 5252 2097 5332 eaque
2132 5228 2262 5301 intacta

622 5343 868 5418 Commentarii
899 5340 1141 5424 Nachmanidis
1169 5341 1248 5416 anni
1286 5365 1410 5439 ¹490·
1467 5338 1570 5415 etiarn
1600 5365 1709 5415 servat
1753 5339 1861 5414 editio
1890 5340 2026 5441 antiqua
2070 5341 2141 5412 sine
2171 5365 2264 5414 anno

621 5454 760 5532 Titulus
788 5459 847 5562 qui
891 5458 1087 5562 praefationi
1128 5453 1347 5564 praefigitur,
1376 5476 1410 5529 ct
1467 5478 1500 5530 et
1531 5454 1631 5536 loco,
1661 5451 1920 5528 CPolitanaan.
1957 5477 2087 5548 1513,
2115 5453 2266 5527 Thessa-

622 5569 761 5647 initialia
806 5570 908 5675 hujus
937 5573 1103 5651 vocabula
1148 5573 1242 5676 typis
1267 5594 1410 5647 excusa
1466 5567 1646 5646 lunicensis
1676 5569 1840 5644 Gersonis
1870 5565 2063 5646 Souciuatis
2101 5565 2173 5642 sine
2204 5591 2267 5644 an·
