5146 7094
666 721 739 821 136
1114 715 1490 792 11111111
1548 713 1901 788 uun-we.

539 922 541 932 ·
659 894 856 1005 duplicibus
884 919 924 970 ac
959 893 1081 1001 ligneis
1121 890 1241 968 litteris
1281 889 1452 968 vocabulo
1509 911 1670 966 tractatus
1708 885 1815 964 nostri
1858 881 1917 962 sed
1963 885 2154 977 Beracdth,
2196 890 2303 968 nostrl

661 1031 762 1098 usta,
797 1006 923 1084 eodem
961 1030 1083 1083 ornatu
1113 1005 1364 1110 circumsepto,
1390 1003 1452 1113 qui
1509 1027 1587 1079 aera
1615 1025 1709 1080 cerro
1737 999 1900 1078 constitui
1929 1000 2068 1106 nequit,
2106 998 2220 1078 donec
2247 1001 2303 1082 in-

657 1123 722 1201 sub
751 1120 888 1197 initium
917 1127 1037 1202 losuae
1065 1146 1105 1195 ac
1120 1117 1288 1196 Samuelis
1317 1120 1350 1194 in
1370 1122 1452 1196 Pro-
1508 1139 1643 1226 tegtum
1669 1111 1849 1224 detegatur
1890 1111 2090 1220 exemplar,
2125 1141 2222 1222 quae·
2242 1145 2303 1198 ae-

659 1237 772 1344 pheris
803 1231 1073 1344 prioribusanni
1101 1235 1203 1330 1486
1224 1230 1450 1340 conspicitur,
1508 1257 1579 1306 ram
1608 1231 1718 1336 ipsam
1759 1253 1795 1305 et
1837 1226 2085 1336 epigraphem,
2122 1231 2150 1306 si
2197 1229 2302 1311 ullam

657 1351 787 1456 quique
816 1347 907 1424 idern
936 1347 1041 1424 etiarn
1070 1369 1121 1425 est
1149 1372 1229 1423 cum
1260 1371 1304 1422 eo
1331 1345 1453 1454 quiin
1508 1343 1672 1451 quidem,
1699 1365 1738 1418 ut
1767 1336 1904 1418 ridetur
1933 1340 2182 1436 verosimilius,
2210 1350 2300 1423 Sou-

658 1461 825 1540 Beracdth
866 1484 987 1549 extat,
1024 1460 1087 1537 uisi
1127 1458 1222 1566 quod
1260 1458 1295 1534 iu
1336 1480 1453 1536 nostro
1508 1458 1636 1534 cinares
1656 1453 2104 1563 apposuerunt‚exhibeat.
2134 1462 2302 1558 Quamvis

655 1576 703 1653 ob
744 1575 937 1654 breviorem
983 1572 1171 1651 dictionem
1214 1571 1454 1650 intermediam
1509 1598 1614 1680 porro
1642 1571 1768 1646 incerta
1788 1571 1832 1646 sit
1853 1592 1932 1645 aera
1952 1593 2111 1675 erretque
2131 1575 2306 1654 bartoloc·

657 1688 759 1766 binae
788 1689 870 1766 ltine
898 1687 978 1764 iude
1006 1687 1188 1795 exculptae
1216 1683 1361 1764 tabellae
1390 1683 1451 1762 ad·
1506 1685 1601 1778 cius,
1631 1709 1782 1791 eumque
1810 1682 1916 1759 secuti
1957 1682 2212 1775 Chevillerius,
2237 1696 2301 1767 Or·

656 1802 749 1881 ditae
777 1804 865 1893 siut,
903 1802 1004 1880 binos
1033 1801 1165 1908 lepores
1193 1817 1453 1908 repraesentatr-
1508 1799 1667 1890 laudius,
1695 1797 1899 1876 Maittairius
1914 1793 2040 1903 aliique
2062 1823 2219 1877 auctores
2239 1805 2300 1911 qui

658 1943 729 1992 tes.
768 1920 919 1994 Primum
961 1913 1084 1992 solium
1126 1914 1212 1991 infra
1253 1911 1450 2021 designatur
1507 1915 1658 1992 alienum
1700 1937 1737 1989 et
1783 1908 1987 1988 mendosum
2029 1909 2130 1989 illum
2171 1941 2300 1996 anunm

645 2057 720 2139 per
750 2051 770 2106 2
799 2053 845 2118 rs,
870 2056 943 2136 quo
970 2030 1125 2107 innuitur
1145 2027 1267 2105 folium
1289 2025 1382 2104 aliud
1404 2024 1451 2102 al·
1514 2031 1616 2127 1489
1639 2023 1682 2101 ad
1705 2049 1887 2104 tractatum
1915 2023 2010 2101 hunc
2033 2027 2303 2126 transtulerunt,

658 2144 743 2220 bum
775 2168 811 2221 111
841 2144 877 2219 iu
923 2143 1111 2232 Beracdth,
1139 2139 1365 2250 praecedere,
1393 2139 1452 2217 vel
1509 2141 1646 2220 viderur
1668 2165 1783 2216 tamen
1803 2140 1831 2216 is
1852 2137 2082 2244 proculdubio
2111 2140 2201 2218 circa
2221 2171 2303 2224 eun·

657 2255 797 2365 aliquod
819 2255 960 2334 editoris
982 2257 1170 2348 monitum,
1200 2254 1280 2333 folia
1302 2279 1371 2330 oon
1390 2280 1455 2330 nu·
1510 2255 1599 2334 deur.
1620 2279 1749 2331 anuum
1777 2277 1813 2330 er
1845 2275 1992 2329 aetatem
2021 2253 2208 2362 prodiisse.

649 2373 856 2459 merantur,
894 2367 954 2448 sed
980 2370 1082 2447 titulo
1119 2367 1242 2447 minori
1279 2365 1449 2474 quadrato
1820 2427 2001 2501 XXIII

656 2486 853 2562 charactere
891 2483 1145 2594 insigniuntur,
1182 2509 1221 2560 ut
1260 2483 1296 2557 iu
1324 2481 1450 2559 eodem
1544 2491 1546 2494 ’
1961 2589 1964 2596 1
2042 2543 2047 2552 .

656 2623 826 2688 tractatu,
867 2625 948 2676 cum
978 2627 1049 2707 quo
1079 2623 1114 2674 et
1143 2596 1223 2706 typi
1252 2621 1374 2674 ornnes
1400 2593 1451 2671 si·
1598 2601 1816 2674 Tolmudr'cur
1843 2622 2007 2676 tractatur
2037 2603 2228 2680 Chedubdtlt
2245 2633 2301 2682 reu

659 2741 702 2790 ve
742 2711 923 2820 quadrati,
962 2715 1033 2790 sive
1063 2709 1250 2799 rabbinici,
1278 2709 1452 2817 reliquae·
1507 2715 1546 2788 dc
1576 2715 1808 2790 contractibus
1836 2739 1909 2786 cum
1931 2717 2174 2792 Commentario
2196 2725 2302 2795 Rosci

656 2853 726 2932 que
755 2825 1031 2933 typographicae
1060 2849 1160 2902 notae
1189 2823 1340 2932 perfecte
1363 2822 1449 2898 adeo
1507 2851 1539 2903 et
1571 2829 1787 2922 Toscplrdrlt,
1817 2835 1852 2901 r'rt
1875 2830 1943 2924 fol.
1979 2833 2116 2904 Soucirrr‘
2144 2857 2221 2908 aute
2248 2861 2301 2909 an.

654 2963 872 3050 congruunt,
900 2964 938 3016 ut
958 2939 1106 3017 dubitari
1129 2964 1198 3015 noo
1221 2939 1346 3048 possit,
1363 2935 1450 3043 quin
1507 2957 1814 3015 mccccuxxxrx.

571 3051 575 3062 '
656 3079 775 3131 noster
804 3051 862 3128 hic
892 3076 1077 3143 tractatus,
1114 3051 1175 3157 qui
1203 3051 1371 3158 septimus
1398 3073 1451 3126 est
1592 3057 1644 3128 Ex
1673 3050 1744 3128 sola
1775 3051 1984 3158 praebitione
2013 3076 2174 3134 tractatus
2203 3056 2300 3134 Cho·

642 3163 683 3243 '11
713 3165 842 3244 ordinis
869 3165 994 3260 Moeri,
1024 3167 1160 3243 Soncini
1191 3161 1452 3272 post'Beracdtlr
1507 3163 1556 3244 lin
1584 3165 1664 3240 anui
1700 3167 1801 3266 1489
1832 3192 1917 3244 eruo
1948 3165 2102 3276 ignotam
2122 3169 2300 3248 hancedi·

655 3307 691 3358 et
720 3305 799 3358 aute
829 3303 958 3358 annum
992 3306 1119 3379 1490,
1140 3277 1268 3354 urbini
1287 3277 1345 3354 alii
1364 3275 1450 3352 Nid·
1507 3282 1634 3356 tionem
1663 3279 1832 3355 existere.
1860 3283 1943 3383 Ejus
1971 3282 2066 3358 nulla
2095 3284 2159 3361 alia
2190 3284 2301 3362 inul-

656 3393 701 3470 dd
729 3419 765 3471 et
805 3391 957 3486 Chullu,
998 3391 1183 3499 prodierit.
1224 3388 1450 3468 Talmudieus
1506 3393 1542 3470 lo
1571 3416 1710 3470 auctore
1752 3393 1917 3503 vestigia,
1957 3419 2020 3470 uec
2051 3393 2149 3474 ullibi
2178 3411 2299 3476 e'xrar.

654 3530 770 3584 textus
811 3505 955 3613 explicit
1001 3505 1086 3584 folio
1122 3529 1217 3594 111,
1260 3529 1320 3580 seu
1350 3501 1449 3580 tertio
1504 3505 1576 3608 Qui
1617 3505 1863 3614 praefationem
1905 3505 1999 3583 illam
2040 3509 2096 3586 vel
2127 3511 2301 3590 monitum

653 3645 723 3702 vm
753 3619 1010 3726 quaternionis.
1040 3621 1202 3726 Sequitur
1230 3621 1450 3693 Commenta·
1506 3621 1703 3728 praemisit,
1747 3643 1919 3698 corrector
1963 3620 2076 3698 David
2120 3625 2212 3702 lilius
2258 3631 2299 3703 R.

652 3737 724 3812 rius
753 3729 990 3820 Mordechdi,¹
1007 3733 1066 3839 qui
1085 3731 1128 3808 ad
1146 3731 1209 3807 tria
1238 3755 1373 3807 tantum
1395 3729 1448 3805 fo-
1504 3733 1672 3812 Eleazaris
1700 3734 1859 3825 Levitae,
1887 3731 1993 3810 habet
2011 3733 2076 3812 sub
2094 3737 2229 3816 initium
2259 3767 2300 3815 ac

653 3847 700 3925 lia
728 3871 762 3924 er
792 3873 900 3954 usque
940 3843 984 3923 ad
1028 3848 1162 3924 initium
1191 3869 1264 3953 cap.
1293 3868 1334 3919 rv
1362 3870 1449 3952 pro-
1502 3841 1594 3927 liuea
1634 3847 1732 3926 tertia
1773 3849 1859 3926 haec
1899 3847 2027 3924 verbar
2067 3872 2202 3941 pnurm
2230 3875 2302 3932 mor

654 3960 802 4039 trahitur
830 3965 865 4040 in
894 3961 1061 4039 Vaticano
1090 3958 1277 4066 exemplari
1307 3985 1345 4036 ac
1376 3985 1453 4034 mu·
1507 3983 1531 4040 11
1561 3957 1697 4043 riardo
1724 3981 1784 4056 1³19
1815 3960 2301 4066 ornamentorumque

654 4075 737 4153 tilus
781 4099 851 4150 est.
894 4080 994 4175 Quae
1036 4071 1227 4152 succedunt
1268 4071 1373 4156 solia,
1410 4097 1452 4148 ea
1508 4080 1718 4173 manifestari
1743 4081 1807 4151 rr‘br‘
1841 4084 1941 4152 initio
1970 4080 2302 4176 0111άαὺ1111πῷ-

653 4188 827 4298 pertinent
868 4188 913 4265 ad
953 4212 1133 4265 tractatum
1175 4187 1343 4264 Beraeoth
1369 4213 1451 4262 cum
1508 4199 1595 4266 cium
1622 4196 1724 4290 hujus
1754 4197 1861 4275 artis,
1890 4186 2049 4267 videlicet
2073 4193 2302 4302 typographi-

652 4329 774 4386 nostro
810 4299 1060 4415 abibliopega
1098 4300 1241 4379 confusa
1278 4326 1318 4376 ac
1360 4300 1450 4378 male
1493 4327 1590 4390 cae,
1616 4309 1765 4401 illudque
1791 4312 1909 4399 scripsi
1937 4329 1975 4378 ur
2003 4313 2205 4386 ostenderem
2222 4337 2299 4404 ptr-

655 4418 876 4525 transposita,
891 4417 1137 4523 continentque
1154 4414 1452 4492 continuationem
1504 4442 1631 4516 paucos
1659 4443 1782 4494 errores
1810 4425 1845 4490 r'rr
1883 4423 1927 4492 r'r'r
1956 4428 2109 4514 reperiri.
2138 4419 2300 4497 Ediderat

650 4530 898 4608 Commetrtarii
927 4529 1130 4608 Mordechoi
1167 4554 1203 4604 er
1232 4526 1451 4606 Maimonidis
1507 4555 1590 4638 ergo
1620 4530 1647 4605 is
1674 4554 1773 4607 antea
1809 4552 1845 4605 et
1872 4528 1971 4606 illum
2001 4555 2183 4610 tractatum
2212 4560 2232 4610 a
2262 4559 2300 4610 se

654 4645 690 4719 iu
724 4666 898 4752 postrema
943 4645 1055 4750 capita
1095 4640 1250 4749 ejusdem
1287 4663 1450 4720 tractatus
1506 4667 1700 4738 correctum
1743 4666 1872 4750 suaque
1917 4643 2126 4750 praefatione
2168 4647 2300 4724 instru-

655 4783 722 4834 uua
752 4783 833 4832 cum
863 4755 945 4832 fusis
973 4760 1047 4859 ejus
1074 4754 1291 4864 epigraphis,
1318 4755 1353 4829 in
1374 4754 1452 4860 qui·
1507 4779 1628 4844 ctum,
1655 4781 1760 4863 quem
1790 4781 1826 4833 et
1851 4757 2000 4864 primum
2031 4757 2134 4836 fuisse
2171 4759 2300 4869 ingenii

651 4869 718 4949 bus
747 4894 857 4946 annus
887 4868 944 4945 ille
972 4892 1068 4946 extat
1096 4895 1115 4946 a
1143 4865 1358 4944 Rartoloccio
1386 4863 1452 4942 de·
1507 4870 1559 4946 sui
1588 4892 1762 4948 tentamen
1789 4895 1835 4946 ex
1864 4895 2069 4981 argumento
2098 4875 2174 4980 ipso
2204 4871 2300 4979 quod

651 4985 831 5094 signatus,
864 4979 924 5057 sed
961 4980 1035 5057 siue
1062 4981 1108 5058 he
1143 4981 1299 5090 praefixo
1327 4974 1448 5071 tta'en,
1506 4984 1709 5090 assumpsit,
1749 5007 1808 5060 seu
1849 4985 2123 5093 typographicae
2152 4986 2234 5064 artis
2261 5009 2299 5062 et

650 5125 709 5177 seu
743 5125 822 5195 244
854 5095 938 5172 tuin.
966 5117 1131 5203 supput.‚
1160 5094 1288 5172 Christi
1324 5099 1449 5192 ¹484·
1505 5097 1726 5174 correctionis
1741 5096 2199 5205 explanatione,iuouitur.
2231 5104 2301 5176 At-

652 5220 772 5315 Quum
801 5212 917 5320 itaque
945 5210 1089 5288 mutilus
1116 5206 1160 5287 sir
1187 5208 1253 5286 sub
1280 5207 1385 5284 finem
1413 5212 1448 5285 in
1504 5238 1573 5317 que
1603 5235 1639 5288 ut
1669 5233 1809 5289 restatur
1845 5211 1881 5286 iu
1911 5212 2016 5318 priori
2055 5211 2116 5288 illo
2152 5211 2302 5323 prologo

651 5331 820 5409 Vaticano
847 5325 1037 5434 exemplari
1067 5345 1227 5402 tractatus
1254 5323 1380 5410 Betza,
1408 5347 1449 5398 ac
1505 5351 1540 5402 se
1569 5325 1618 5402 ob
1654 5323 1820 5403 infaustos
1847 5351 1943 5402 casus
1969 5326 2032 5431 qui
2071 5325 2136 5402 sibi
2167 5327 2303 5404 accide-

650 5441 736 5520 folia
764 5439 823 5516 illa
858 5439 901 5516 ad
944 5437 1073 5515 calcem
1102 5461 1309 5545 compacta,
1339 5435 1447 5542 iisque
1503 5462 1583 5516 runt
1603 5461 1753 5545 eumque
1773 5435 1970 5518 substantiis
1998 5439 2067 5516 suis
2094 5437 2304 5546 spoliarunt,

649 5577 833 5635 contentae
861 5553 1067 5666 epigraphes
1094 5577 1130 5640 et
1168 5578 1245 5632 aera
1273 5575 1344 5630 uon
1378 5549 1447 5629 siut
1503 5576 1646 5660 operam
1674 5577 1711 5629 et
1737 5553 1889 5636 officium
1930 5579 2031 5632 suurn
2061 5555 2305 5645 intermisisse,
