5146 7094
726 637 1591 743 uuu.tlaa.s'ec.xV
1882 671 1958 770 ¹79

307 825 410 895 codex
442 852 474 894 n.
506 850 584 908 ¹2¹7
607 832 786 913 insignitus,
816 835 872 916 qui
899 829 1109 894 Aricenniani
1225 835 1294 896 Piso
1315 831 1425 912 (aber)
1445 837 1481 894 li.
1502 835 1605 913 loseph
1618 833 1796 920 Hispanus.
1819 833 1907 897 Unus
1921 855 1963 900 et

294 907 439 974 'Canania
471 910 608 974 lndicem
637 911 856 993 complectitur
876 911 915 972 ab
947 930 987 974 eu
1019 909 1107 994 dige-
1161 911 1389 975 correctoribus
1412 917 1549 983 Nljscnici
1570 920 1707 999 corporis
1727 913 1858 999 Neapoli
1881 915 1962 978 editi

307 1009 405 1058 stum.
427 992 517 1054 Patet
537 1011 578 1053 ex
600 991 660 1053 hoc
681 987 792 1056 cerdice
813 1009 888 1052 eum
907 990 1103 1065 incubuisse,
1162 1009 1209 1052 an.
1233 1011 1327 1067 reor,
1343 991 1508 1078 idemque,
1525 1010 1558 1055 ut
1571 1001 1701 1076 opinor,
1729 1013 1824 1079 quem
1849 1015 1879 1078 p.
1903 1015 1962 1073 ³00

304 1069 417 1132 studiis
437 1070 630 1144 medicinae,
651 1089 688 1131 ac
710 1071 912 1132 Soncinorum
929 1087 967 1132 co
992 1089 1102 1132 nomen
1160 1071 1321 1156 Nurnolog.
1338 1071 1442 1134 laudnt
1455 1073 1564 1136 Aboab
1577 1091 1609 1135 et
1625 1067 1759 1136 Wolfius
1772 1073 1811 1136 T.
1825 1074 1837 1135 l
1849 1095 1881 1160 p.
1894 1091 1962 1154 555.

306 1155 337 1213 in
359 1150 424 1226 ejus
443 1149 558 1212 familia
573 1150 632 1224 jam
646 1152 830 1212 invaluisse.
851 1152 928 1212 Nam
949 1088 996 1213 td.
1015 1169 1047 1211 se
1059 1156 1103 1212 in·
1217 1154 1288 1214 sora
1314 1155 1330 1228 (
1340 1154 1401 1233 ae)
1428 1172 1480 1214 seu
1511 1157 1682 1219 Salodr'emio
1705 1158 1819 1214 Nathan
1835 1197 1843 1214 .
1865 1159 1964 1215 Acro·

307 1230 399 1293 scrib.
411 1244 534 1298 tatastat
548 1245 599 1318 qna
611 1221 712 1296 iuro·
726 1233 814 1291 lsrael
823 1233 939 1292 Norbam
949 1231 1103 1292 Semirus.
1157 1232 1234 1292 stico
1251 1235 1385 1293 carmine
1407 1231 1447 1294 de
1468 1230 1610 1294 absoluto
1630 1231 1813 1296 Gereonidis
1828 1233 1914 1296 Cum.
1929 1238 1967 1300 im

365 1315 508 1372 Ir'olodmr
529 1314 662 1372 Samuel.
684 1309 755 1388 Ejus
774 1311 855 1386 jussu
877 1327 909 1372 et
928 1311 1101 1392 sumptibus
1156 1308 1213 1374 lob
1233 1329 1279 1371 an.
1304 1331 1377 1390 ¹·477
1399 1331 1432 1373 su
1457 1331 1542 1374 remo
1562 1316 1677 1396 gratias
1693 1317 1814 1374 numini
1838 1311 1963 1376 reddit.

302 1394 336 1454 in
357 1389 515 1452 Lusitania
545 1387 628 1452 edita
662 1409 710 1452 an·
735 1407 811 1470 1492
844 1389 1010 1452 Proverbia
1029 1409 1101 1452 eum
1216 1392 1350 1450 Salomon
1366 1392 1412 1469 fil.
1431 1333 1570 1454 deluam.
1603 1391 1744 1454 Obadiae
1775 1392 1830 1454 filia
1864 1393 1962 1456 Musis

302 1469 424 1554 duplici
445 1472 552 1542 Com,
574 1468 626 1530 ubi
649 1473 769 1552 sapiens
787 1471 897 1533 excell.
917 1483 1071 1530 vocatur.
1156 1473 1255 1530 socius
1277 1475 1307 1530 iu
1323 1469 1453 1536 edendo
1476 1469 1674 1533 Maimonidis
1692 1469 1745 1534 lad
1767 1477 1834 1534 sine
1850 1491 1877 1533 a.
1893 1473 1961 1534 etl.

363 1554 438 1628 Koqi
458 1555 494 1610 R.
516 1551 698 1610 Marcellam.
720 1551 754 1612 ln
775 1549 839 1626 ejus
858 1547 1099 1632 domo'ejusque
1217 1553 1352 1610 Salomon
1367 1553 1410 1628 fil.
1434 1554 1525 1612 Masis
1546 1554 1700 1622 Saucirur,
1730 1551 1881 1614 Gersonis
1902 1549 1962 1614 lra-

302 1629 410 1691 studio
430 1643 539 1712 coepta
553 1643 600 1690 est
615 1627 781 1691 Plebi'saci't
797 1648 832 1690 ac
844 1641 984 1712 promota
999 1627 1100 1690 editio
1155 1639 1221 1698 ter,
1242 1634 1308 1692 sine
1329 1629 1380 1692 die
1408 1643 1441 1696 et
1462 1629 1606 1700 consule,
1638 1629 1694 1694 sed
1725 1630 1855 1694 Soncini
1876 1635 1961 1694 circa

258 1735 269 1750 ·
303 1725 337 1774 ιν
361 1707 517 1770 ordinum
538 1708 575 1768 R.
596 1708 811 1771 Jac.b.llscer
831 1729 879 1770 an.
903 1727 998 1786 1475,
1019 1723 1098 1792 quae
1158 1725 1236 1789 ¹490
1257 1709 1292 1770 lt.
1314 1711 1377 1771 lac.
1390 1707 1524 1770 briscia
1541 1705 1676 1772 Ordines
1689 1713 1774 1794 typis
1787 1727 1826 1772 ert
1853 1715 1961 1772 rescit.

301 1788 343 1853 de
363 1794 499 1872 primatu
531 1807 601 1850 cum
634 1787 793 1850 lurchiana
825 1789 916 1873 liegii
936 1787 1098 1851 Calabriae
1213 1789 1350 1848 Salomon
1365 1789 1410 1866 fil.
1431 1793 1470 1851 R.
1493 1787 1611 1871 Pirerq.
1633 1789 1697 1853 Nea
1752 1787 1803 1851 ed.
1824 1733 1959 1859 dhovad

300 1869 484 1932 contendit.
512 1868 617 1948 Quum
649 1873 730 1931 enim
762 1889 796 1931 ιν
816 1884 937 1944 constet
966 1867 1040 1930 roll.
1061 1886 1097 1930 ac
1153 1865 1334 1930 allevavbth
1354 1887 1403 1930 an.
1427 1885 1505 1960 rapo
1530 1872 1662 1930 maxima
1684 1807 1847 1951 ddigentia
1868 1874 1961 1932 casti·

300 1949 415 2032 triplici
437 1948 648 2010 characterum
668 1967 798 2030 genere,
830 1949 955 2010 videtur
975 1963 1098 2010 nostrae
1175 1951 1258 2021 avit,
1278 1966 1297 2008 a
1314 1949 1445 2030 losepho
1465 1947 1634 2010 Aschenazi
1651 1947 1739 2011 obid
1761 1967 1960 2032 summopere

299 2033 390 2112 origo
411 2027 518 2111 paullo
536 2031 710 2112 antiquior.
742 2027 850 2102 Obiit,
873 2027 951 2090 dum
973 2044 983 2086 t
1012 2048 1098 2110 pogr.
1154 1969 1316 2103 daedalus,
1336 2034 1391 2111 qui
1412 2047 1484 2090 eum
1505 2027 1641 2112 appellat
1663 2028 1756 2092 titulo
1777 2030 1912 2099 chaver,
1926 2045 1961 2094 et

299 2128 413 2192 operae
448 2105 661 2188 urgebantur,
692 2111 856 2188 coactique
888 2107 954 2185 ejus
1000 2110 1031 2170 lii
1052 2128 1100 2170 su·
1155 2105 1311 2170 celebrem
1335 2111 1365 2168 iu
1388 2111 1530 2170 universa
1552 2124 1652 2170 terra.

300 2207 435 2274 premam
456 2191 543 2270 operi
564 2206 688 2248 murrum
707 2191 882 2272 impmrere.
1216 2191 1330 2248 Samuel
1348 2190 1395 2266 fil.
1431 2191 1571 2250 Samuelis
1603 2194 1637 2249 da
1667 2191 1776 2250 Roma.
1808 2186 1867 2250 Per
1887 2185 1960 2265 eius

361 2273 491 2330 Kmvera
512 2269 579 2328 Jore
599 2271 669 2328 lus.
686 2267 754 2342 Suo
772 2286 843 2329 aere
864 2271 1022 2352 promovit
1042 2267 1101 2328 Bn·
1155 2281 1279 2327 manum
1300 2285 1410 2328 excusa
1431 2281 1503 2326 sunt
1524 2267 1652 2348 Neapoli
1674 2286 1723 2329 an.
1744 2264 1820 2346 1487
1842 2266 1900 2332 lob
1922 2285 1959 2332 et

299 2353 410 2409 neniae
431 2365 512 2408 anno
536 2291 612 2419 rada
633 2350 763 2428 prinam
792 2347 879 2408 Pent.
910 2346 1100 2419 editionem,
1156 2344 1212 2406 reli
1239 2365 1276 2406 ua
1297 2345 1495 2428 Agiographa
1515 2364 1585 2408 curn
1606 2348 1693 2410 Cum.
1713 2351 1886 2410 variorum.

299 2433 415 2509 paratis
436 2431 520 2510 typis
531 2425 738 2511 mercedeque
749 2425 1099 2489 conductisartificibus.
1216 2365 1379 2486 dominarer
1401 2427 1608 2510 typographi.
1639 2427 1745 2490 Plures
1766 2431 1788 2488 ii
1809 2419 1958 2504 fuerunt,

355 2511 453 2568 Lauda
476 2512 511 2567 li.
532 2508 621 2568 Jacob
641 2507 753 2568 aarum
766 2507 811 2585 fil.
829 2511 955 2568 lehudae
967 2507 1097 2568 Cerma-
1155 2507 1246 2564 unius
1267 2503 1467 2589 ejusdemque
1482 2524 1588 2568 omnes
1605 2502 1738 2568 farniliae
1753 2526 1867 2589 genere
1880 2507 1960 2571 Get·

300 2601 376 2660 nus,
404 2585 459 2648 sed
482 2591 513 2647 in
535 2585 620 2648 ltalia
642 2583 774 2668 degens.
807 2585 909 2651 Ticini
938 2587 1097 2650 Visioneur
1154 2601 1263 2646 manae
1285 2587 1509 2668 aespirensis,
1530 2583 1586 2648 sed
1606 2585 1662 2646 diu
1678 2591 1707 2647 in
1721 2587 1837 2648 ltaliam
1859 2605 1961 2649 trans·

298 2669 493 2749 composuit,
515 2665 642 2750 Neapoli
664 2685 741 2728 sero
762 2685 789 2728 a.
813 2665 888 2743 1487
911 2663 1002 2726 Psalt.
1024 2683 1097 2730 cum
1153 2661 1234 2726 latae
1261 2682 1340 2750 quae
1366 2684 1383 2726 a
1405 2669 1504 2747 patria
1526 2669 1591 2748 ipsa
1617 2667 1820 2730 Soncinnrum
1841 2685 1960 2749 cogno-

298 2745 437 2807 Kimchii
453 2747 537 2808 Corn.
550 2749 689 2808 correxit
709 2765 863 2842 suumque
881 2744 993 2807 librum
1006 2747 1095 2828 Agur
1152 2761 1223 2804 men
1244 2759 1425 2826 acceperat.
1447 2741 1484 2804 V.
1507 2747 1600 2806 Israel
1620 2747 1756 2814 Naarda,
1778 2749 1879 2810 losum
1902 2750 1958 2808 Sa·

297 2829 406 2909 paucis
426 2842 495 2909 pust
516 2829 603 2888 annis
622 2827 856 2910 promulgavit.
1154 2825 1249 2886 tomam
1272 2823 1338 2898 ejus
1359 2823 1460 2897 lilius,
1486 2827 1591 2886 Gerrorr
1607 2825 1653 2902 fil.
1676 2825 1789 2898 Moris,
1818 2825 1958 2888 Salomor'r

360 2909 463 2966 Laudo
486 2907 557 2965 Alr.
572 2907 617 2980 fil.
640 2901 756 2980 Jocob'i,
777 2904 946 2990 typothetae
967 2919 999 2967 et
1020 2923 1098 2966 unus
1155 2901 1220 2976 ejus
1241 2901 1355 2965 frater.
1378 2903 1444 2966 Sub
1465 2901 1550 2966 nudo
1569 2907 1752 2966 eonomine
1773 2905 1901 2968 Soncini
1922 2923 1959 2968 ac

299 3001 339 3046 ex
359 2982 526 3046 artificibus
554 2988 609 3068 qui
641 2989 673 3046 in
701 2985 798 3067 Neap.
826 2988 1002 3049 Avicennae
1032 2983 1099 3046 edi·
1155 2981 1257 3042 Casuli
1278 2983 1392 3059 majore
1425 2983 1594 3046 Machazor
1625 2983 1700 3066 alios
1725 3004 1763 3046 ue
1785 2985 1880 3047 libros
1901 3005 1960 3048 ex·
2072 3029 2079 3038 -

298 3068 385 3126 tione
406 3083 532 3148 operam
552 3083 634 3124 suam
656 3071 902 3148 praestiterunt.
1154 3060 1332 3136 cuderunt,
1360 3061 1447 3124 docti
1480 3067 1502 3123 ii
1524 3058 1672 3148 quidem,
1702 3003 1887 3146 diligentes,
1907 3083 1959 3128 ce-

358 3146 454 3221 Lares
467 3147 500 3204 R.
523 3147 638 3206 Samuel
658 3146 702 3222 fil.
725 3149 820 3208 Mela.
847 3141 976 3227 Neapoli
1009 3141 1099 3204 Kim·
1155 3137 1274 3218 lebres,
1305 3139 1360 3206 sed
1392 3161 1455 3203 non
1486 3147 1578 3226 primi
1600 3140 1783 3206 ludaeorum
1805 3161 1959 3228 typogra-

297 3222 363 3284 chii
384 3219 515 3284 Radices
537 3243 584 3284 an.
607 3243 686 3303 ¹⁴90
707 3221 875 3306 diligenter
895 3221 935 3284 ad
957 3241 1022 3284 mss
1043 3241 1096 3284 co·
1154 3223 1228 3304 phi,
1251 3237 1286 3284 ut
1318 3223 1477 3304 hucusque
1500 3219 1706 3286 habebantur.
1746 3225 1818 3287 Post
1846 3242 1958 3288 annum

295 3301 400 3364 dicum
422 3305 561 3385 sacrique
584 3316 686 3364 textus
718 3303 811 3366 fidem
832 3305 1003 3377 recensuit,
1024 3302 1096 3363 sub·
1156 3319 1235 3382 1490
1254 3307 1385 3385 patriam
1405 3302 1603 3375 deserentes,
1633 3306 1734 3365 varias
1754 3319 1958 3387 peragrarunt

295 3383 379 3460 jecta
399 3383 567 3524 epigraphe
587 3399 623 3444 ac
645 3383 784 3445 versibus
804 3382 957 3445 nonnullis
989 3385 1097 3465 quiin
1154 3386 1329 3464 provincias
1348 3397 1382 3444 et
1403 3381 1517 3456 urbes,
1545 3401 1628 3444 suam
1651 3399 1752 3444 tamen
1779 3397 1878 3446 artem
1900 3385 1961 3447 Bo·

298 3466 390 3524 sacris
437 3461 518 3522 ibliis
548 3480 609 3523 non
638 3463 787 3538 extabant
820 3462 872 3524 vel
899 3462 1099 3554 ¹aliterlege-
1153 3465 1264 3524 noniae
1283 3481 1346 3524 non
1366 3477 1596 3534 exercuerunt,
1618 3477 1653 3524 ut
1669 3477 1778 3542 putant
1797 3461 1958 3527 bertoloc-

296 3541 430 3604 bantur.
460 3539 579 3604 lnedita
601 3542 757 3626 quaedam
779 3543 845 3618 ejus
865 3544 1008 3604 Carmina
1028 3559 1100 3619 erus
1153 3544 1240 3616 cius,
1271 3541 1482 3605 Chevillerius
1509 3559 1546 3603 ac
1576 3542 1730 3620 Wolfius,
1751 3540 1956 3606 multominus

298 3637 388 3684 manu
411 3625 585 3702 conscripta
606 3638 709 3683 servat
730 3621 831 3682 codex
852 3639 937 3683 meus
958 3639 1035 3700 937.
1152 3623 1184 3681 in
1205 3621 1380 3694 Lusitania,
1403 3617 1439 3682 ut
1461 3621 1667 3695 Masttairius,
1695 3640 1752 3684 nec
1774 3627 1867 3705 primi
1887 3619 1958 3686 fue'·

358 3703 560 3762 Mardoclroeus
574 3703 618 3778 fil.
642 3707 678 3762 R.
700 3706 797 3762 Ruleo
819 3707 871 3760 bem
891 3703 999 3760 Barla.
1030 3700 1095 3762 Da·
1152 3717 1243 3776 runt,
1264 3707 1317 3784 qui
1338 3721 1404 3762 eam
1425 3701 1552 3764 Cl'olirn
1573 3701 1852 3773 transtuleriur,ut
1870 3701 1956 3767 idem

298 3777 381 3842 vidis
412 3781 541 3843 Levitae
572 3785 673 3842 socius
704 3785 735 3842 in
756 3777 952 3842 emendando
972 3781 1096 3843 Sontini
1151 3776 1284 3842 Wolfius
1304 3795 1379 3842 tom.
1403 3801 1435 3842 ιι
1460 3799 1491 3862 p.
1511 3798 1570 3860 947
1593 3781 1780 3844 conscribit.
1950 3811 1957 3822 ·

298 3873 394 3922 tract.
411 3859 522 3922 Cholin
543 3879 592 3922 an.
615 3859 713 3941 1489.
733 3858 920 3922 Emendavit
939 3873 972 3920 et
993 3855 1096 3920 Nidda
1211 3863 1358 3938 Saraslurg
1377 3861 1480 3936 Ioseph
1511 3865 1620 3924 clraiim
1634 3861 1679 3940 fil.
1702 3861 1800 3922 Aaron
1822 3861 1957 3924 Gallus.

297 3940 335 4016 ej.
356 3944 452 4012 anni,
471 3939 527 4001 ubi
551 3952 649 4004 ’neas
670 3959 724 4002 seu
746 3938 868 4002 Gallum
889 3957 922 4001 se
943 3937 1097 4022 appellat.
1152 3937 1270 4000 Bonon.
1292 3938 1378 4001 Pent.
1397 3955 1445 4000 an.
1469 3939 1582 4014 14822
1613 3938 1733 4002 mendis
1753 3947 1955 4024 repurgavit,

358 4024 473 4098 Mirqa
493 4019 581 4081 Arair
591 4021 636 4098 fil.
660 4021 773 4096 Pireq.
795 4019 875 4081 Male
896 4019 961 4095 ejus
980 4037 1096 4100 cogno·
1153 4023 1247 4105 eique
1268 4013 1365 4080 llrsarn
1388 4017 1574 4081 laudationis
1594 4018 1706 4096 adjecit
1732 4025 1955 4104 epigraphem.

297 4119 368 4160 rnen
390 4105 577 4182 transposito
607 4097 724 4176 jodae
746 4101 857 4172 Nizza,
889 4119 942 4162 seu
963 4099 1098 4160 Niceen·
1152 4097 1262 4161 Frater
1281 4112 1328 4160 est
1349 4097 1504 4160 Gabrielis
1535 4099 1589 4160 filii
1611 4102 1739 4160 aaronis
1766 4098 1956 4180 strasburg,

296 4198 358 4242 sem
380 4179 521 4262 legerunt
550 4179 763 4242 Birtoloccius
790 4198 827 4242 ac
848 4179 996 4241 Wolfius.
1029 4179 1096 4261 Ty·
1153 4176 1195 4242 de
1211 4196 1273 4258 quo
1293 4196 1327 4240 su
1351 4177 1549 4255 radiximus,
1569 4177 1653 4241 idem
1679 4197 1717 4240 ue
1739 4177 1866 4242 videtur
1881 4197 1957 4244 cum

296 4257 1092 4342 potethamsevocat,acNeap.ediditan.1491
1153 4259 1285 4342 losepbo
1347 4257 1500 4340 ranburg,
1535 4277 1628 4344 quern
1655 4199 1816 4321 dononlre
1848 4275 1954 4321 nostra

297 4343 480 4401 Aricennae
503 4339 661 4400 Cononem
685 4339 828 4401 hebraice
848 4339 1047 4402 translatum.
1154 4339 1211 4402 hac
1232 4353 1336 4400 aetate
1349 4334 1489 4401 floruisse
1500 4338 1644 4422 perhibet
1666 4336 1836 4402 Scalsceled
1860 4336 1882 4400 f.
1895 4337 1955 4402 62.

356 4423 473 4478 Monam
497 4421 620 4502 chajan,
642 4423 863 4496 Mordaciorem,
891 4438 920 4482 et
947 4422 1096 4495 quclra'as.
1216 4421 1324 4496 Tqarba
1347 4423 1383 4479 lt.
1404 4423 1518 4480 Samuel
1539 4417 1806 4503 Ulyeslponenais,
1826 4437 1843 4480 a
1864 4417 1955 4482 Wol-

296 4497 523 4560 Abbreviatum
556 4517 726 4580 cognomen
755 4499 894 4561 Montros
924 4513 978 4560 aut
1005 4498 1096 4560 Moa-
1154 4497 1212 4570 fio,
1233 4495 1446 4572 Marchando,
1466 4497 1640 4561 Maittairio
1661 4497 1786 4561 male'll·
1801 4497 1885 4561 Arbis
1899 4496 1954 4564 de·

297 4592 382 4639 teros
403 4576 486 4641 forte
519 4577 706 4660 legendum,
738 4578 790 4639 uel
810 4581 867 4640 alia
900 4576 1003 4639 littera
1025 4597 1096 4660 sup-
1151 4581 1342 4640 numinatus.
1365 4579 1398 4640 ln
1420 4577 1486 4656 ejus
1507 4575 1634 4640 aedibus
1656 4577 1814 4640 absolutus
1834 4577 1953 4642 dicitur

297 4654 410 4740 plenda
432 4677 541 4722 eorum
563 4673 666 4721 aetate
687 4661 859 4731 notissima,
880 4654 974 4720 modo
989 4662 1094 4739 ignota
1151 4657 1336 4741 Ulyssipone
1358 4656 1525 4732 ann0148r
1554 4657 1682 4720 Nachm.
1703 4659 1791 4720 Com.
1812 4662 1843 4720 in
1865 4660 1954 4722 Pent.

293 4751 328 4798 et
350 4741 486 4800 incerta.
519 4741 543 4799 li
565 4758 635 4800 cunr
660 4737 791 4820 losepho
819 4737 953 4800 Veneria
981 4755 1093 4798 nomen
1214 4742 1333 4800 Veneria
1354 4743 1488 4818 magister
1504 4679 1609 4817 dorma
1629 4739 1739 4800 Italus.
1761 4737 1832 4812 Ejus
1853 4759 1951 4822 opera

293 4833 387 4878 suum
410 4817 635 4880 immortalitati
655 4833 877 4880 consecrarunt
896 4822 927 4879 in
940 4819 1036 4900 prima
1049 4835 1093 4878 sa·
1150 4835 1186 4881 ac
1206 4835 1268 4880 soc·
1287 4817 1405 4900 prodiit
1424 4837 1476 4880 an.
1498 4838 1574 4899 1477
1619 4821 1692 4880 rima
1714 4817 1790 4880 Psal.
1811 4815 1929 4880 editio.

294 4900 340 4958 cri
360 4911 465 4959 textus
485 4897 643 4973 editione,
662 4916 716 4960 seu
739 4895 888 4960 Psalterio
907 4903 979 4958 anni
1003 4917 1093 4976 ¹⁴77·
1211 4901 1353 4960 Zachaeus
1369 4899 1413 4978 fil.
1435 4903 1563 4978 Elieqer.
1585 4837 1772 4982 dlyrsipone
1795 4901 1951 4982 impressit

356 4980 482 5040 Oladias
507 4981 555 5057 fil.
583 4981 691 5042 Musis.
724 4977 854 5059 Legitur
885 4973 950 5052 ejus
983 4995 1093 5038 nomen
1152 4977 1386 5058 elegantissimis
1419 4993 1432 5039 t
1458 4983 1504 5062 pis
1536 4991 1569 5041 et
1600 4983 1831 5041 accuratissime
1868 4995 1951 5041 anno

292 5057 325 5116 in
347 5054 508 5139 splendida
539 5053 740 5120 Maimunidis
759 5055 899 5119 editione
921 5055 991 5118 libri
1017 5055 1092 5130 lad,
1153 5075 1224 5136 ¹49¹
1261 4997 1500 5121 Pentateucdum
1532 5055 1634 5120 chald.
1676 5056 1825 5119 Onltelusi
1860 5056 1952 5120 Para·

292 5155 372 5218 quae
393 5136 547 5218 quadrato
567 5137 746 5200 charactere
788 5134 884 5199 rediit
904 5142 968 5198 sine
988 5155 1014 5197 a.
1029 5137 1092 5196 etl.
1147 5138 1251 5220 phrasi
1272 5155 1306 5198 ac
1321 5138 1433 5198 larcbii
1449 5137 1681 5200 Corrrmentario
1701 5135 1914 5200 nobilitatum.

356 5219 502 5288 Oiada'us,
524 5221 678 5280 Manassae
702 5236 731 5279 et
780 5221 902 5278 calamita
924 5223 958 5276 de
980 5220 1091 5276 Roma.
1205 5221 1350 5279 Zalmarlu'
1372 5219 1505 5278 Salamara
1520 5217 1612 5294 filli.
1634 5218 1774 5278 Maiorem.
1796 5219 1878 5278 Aere
1892 5233 1950 5278 suo

284 5293 334 5362 ¹lis
366 5295 500 5358 debetur
530 5300 788 5379 praestantissima
818 5308 853 5358 et
880 5299 1118 5379 antiquissima.
1147 5293 1211 5357 luci
1231 5294 1436 5358 demandavit
1456 5314 1505 5357 an.
1529 5311 1607 5373 ¹490
1628 5294 1713 5358 Pent.
1735 5297 1800 5356 sine
1822 5299 1947 5379 punctis

292 5373 509 5437 Nrabmanidis
528 5375 605 5439 edit.
627 5381 657 5438 in
678 5377 765 5438 Pena.
791 5380 857 5437 sine
884 5394 911 5434 a.
932 5389 964 5437 et
987 5376 1007 5435 l.
1030 5375 1088 5434 liat.
1145 5391 1218 5436 cum
1241 5376 1334 5459 Targ.
1357 5393 1394 5436 ac
1428 5375 1516 5438 Com.
1536 5373 1655 5450 larchi,
1683 5375 1826 5460 binisque
1858 5393 1947 5438 acru-

291 5453 466 5538 quadratis.
489 5453 626 5519 Obadias
647 5457 729 5518 sorte
751 5453 833 5518 idem
853 5475 924 5518 cum
945 5455 1087 5538 praeced.
1144 5459 1228 5517 stlcis
1248 5455 1432 5518 canuinibus
1452 5457 1620 5519 iustruxit.
1880 5485 1883 5490 v
