5222 7090
673 777 706 834 X
1074 766 1429 844 DISSERTATIO
1477 773 1917 851 PRAELIMINARIS

674 965 764 1038 rum
817 938 1026 1028 sententia
1079 939 1178 1026 artis
1231 943 1470 1063 specimen,
1528 941 1665 1034 dicam
1707 943 1828 1037 Arbis
1871 935 1999 1036 turim
2040 951 2138 1038 anni
2177 947 2326 1062 1481,

673 1055 755 1148 fuit
774 1091 993 1152 excusum.
1026 1129 1055 1178 ,‚
1084 1062 1150 1154 Ex
1179 1065 1261 1156 hoc
1282 1071 1468 1192 oppido,
1527 1103 1654 1195 quarn
1697 1074 1895 1166 nonnulli
1941 1100 2131 1167 auctores
2175 1109 2329 1189 memo·

673 1190 815 1313 inquit
858 1189 1150 1284 Bartoloccius
1183 1220 1282 1284 tom·
1317 1195 1340 1288 I
1374 1232 1469 1323 pag.
1526 1226 1642 1315 rant,
1672 1201 1745 1294 sed
1778 1235 1856 1293 nos
1887 1199 2035 1294 falsam
2067 1202 2326 1330 judicamus.

672 1340 789 1431 432,
821 1320 957 1440 primo
992 1323 1237 1445 prodierunt
1272 1327 1314 1414 in
1343 1325 1469 1420 Italia
1752 1347 1756 1358 '
1909 1347 1912 1356 ⁴

672 1447 938 1567 impressores
997 1449 1203 1540 librorum
1251 1452 1470 1546 hebraico·
1823 1401 1862 1524 ς’
1914 1433 2025 1493 vm

673 1605 763 1666 rum
785 1641 832 1687 „.
866 1639 895 1685 „
930 1579 1083 1670 Annus
1117 1583 1210 1689 hic,
1243 1583 1302 1673 ait
1337 1581 1471 1675 Mait—
1651 1569 1710 1642 *θ’
1737 1572 1913 1642 B⁰¹²⁰⁸²⁶⁶
1943 1595 2031 1643 “¹²⁸⁰
2068 1571 2193 1666 ¹43²·

671 1704 837 1810 tairius,
859 1710 1011 1796 meruit
1034 1713 1209 1801 maxime
1241 1710 1471 1826 celebrari,
1624 1704 1785 1800 Verum
1819 1743 1951 1836 quum
1984 1738 2174 1834 repertus
2206 1711 2321 1802 dein·

671 1830 793 1954 quod
809 1851 912 1922 tunc
929 1831 1103 1926 Soncini
1120 1833 1377 1930 ludaeorum
1398 1871 1468 1968 ty·
1523 1837 1712 1930 deesset
1753 1833 2060 1928 Pentateuchus
2100 1835 2317 1932 Bononiae

672 1960 986 2082 pographorum
1006 1963 1205 2056 Italorum
1223 2001 1350 2092 opera
1365 1968 1464 2062 heb.
1524 1972 1743 2092 impressus
1775 1998 1838 2054 an.
1877 1965 1997 2078 1482
2036 1969 2114 2092 qui
2146 1967 2317 2060 duobus

670 2085 929 2180 characteres
980 2092 1119 2182 lucem
1167 2097 1347 2219 primum
1390 2099 1466 2190 'ad‘-
1521 2102 1642 2186 annis
1674 2097 1847 2218 primam
1882 2093 2056 2184 Soncini
2083 2094 2318 2188 editionem

670 2219 885 2336 spexerint
907 2241 957 2330 „-
989 2285 1017 2332 „
1045 2219 1137 2312 Nec
1158 2227 1351 2336 minoris,
1366 2227 1467 2318 sub·
1521 2222 1766 2347 superabat,
1786 2222 2213 2349 heb.·typographiae
2237 2227 2321 2349 pri·
2380 2312 2387 2328 ,

669 2343 734 2432 dit
768 2343 940 2454 Saxius,
974 2353 1174 2441 momenti
1206 2379 1269 2442 est
1302 2358 1356 2446 ad
1383 2389 1466 2444 anr-
1522 2355 1650 2443 matui
1683 2385 1810 2478 quem
1848 2353 2064 2442 communi
2108 2383 2317 2444 consensu

669 2467 940 2592 plilicirndam
995 2477 1109 2572 urbis
1161 2507 1325 2571 nostrae
1366 2484 1463 2607 glo-
1520 2479 1585 2584 illi
1605 2477 1997 2572 auctores'Soncino
2016 2479 2315 2587 vindicabant,

668 2601 795 2711 riam,
814 2603 935 2726 quod
954 2607 1071 2729 apud
1106 2641 1182 2696 nos
1216 2637 1337 2700 enata
1358 2645 1463 2737 quo·
1520 2605 1642 2700 Pent.
1669 2609 1785 2699 hunc
1806 2601 2009 2732 Maffejus
2041 2634 2169 2732 atque
2190 2614 2317 2701 emin.

603 2807 608 2814 .
667 2759 754 2849 que
786 2734 840 2820 sit
881 2732 981 2822 heb.
1023 2734 1216 2826 codicum
1261 2765 1462 2866 typogra-
1515 2736 1737 2856 Quirinius
1757 2737 2031 2827 invictissime
2050 2735 2320 2861 objecerunt..

668 2857 793 2978 phia.
847 2856 899 2948 In
933 2855 1106 2953 Sonciui
1153 2869 1263 2955 enim
1295 2869 1459 2991 oppido
1517 2865 1716 2984 Quorum
1761 2863 1936 2989 quidem
1976 2863 2147 2956 adserto
2187 2899 2314 2957 nemo

667 2982 853 3077 Mediol.
894 2987 1068 3080 ditionis
1119 2997 1256 3116 primo
1294 2998 1467 3088 inventi·
1513 2993 1709 3106 obstitit,
1742 3025 1830 3083 tino
1862 3019 2043 3115 excepto
2075 2991 2205 3084 Saxio
2239 2998 2315 3121 qui

664 3114 935 3241 adhibitique
978 3147 1073 3210 sunt
1115 3121 1372 3216 characteres
1406 3125 1460 3218 il·
1518 3121 1627 3214 nihil
1660 3125 1911 3212 intentatum
1944 3121 2118 3248 reliquit
2154 3149 2199 3216 ut
2230 3156 2315 3215 sar-

664 3245 745 3335 lius
765 3245 975 3336 idiomatis
996 3311 1050 3358 „.
1070 3245 1191 3338 Haec
1209 3256 1331 3342 etiam
1350 3249 1461 3344 Loe-
1517 3277 1600 3340 tam
1623 3277 1778 3342 tectam
1810 3245 1981 3340 laudem
2014 3251 2124 3342 hanc
2158 3253 2315 3375 patriae

665 3373 1461 3487 acherii,Chevillerii,0rlandiialio·
1515 3407 1725 3472 servaret.
1773 3445 1803 3493 „
1841 3376 2053 3496 Quamvis
2098 3380 2314 3506 gratuler,

664 3534 841 3628 rumque
871 3507 1044 3627 opinio.
1085 3503 1211 3625 Quae
1254 3534 1460 3631 quantum
1517 3508 1736 3631 inquiebat
1769 3513 1883 3633 ipse,
1916 3504 2197 3604 eruditissimo
2218 3512 2327 3608 viro¹

663 3663 687 3720 a
721 3632 898 3721 veritate
920 3632 1183 3738 recedat,ex
1206 3659 1353 3726 nostro
1375 3635 1459 3728 hoc
1517 3633 1718 3762 (Maffej
1759 3636 1778 3762 )
1823 3633 1878 3724 de
1912 3633 1991 3726 hac
2028 3671 2142 3728 nova
2175 3665 2313 3763 typo-

663 3793 792 3882 opere
825 3787 944 3885 patet
975 3760 1260 3886 amplissime,
1294 3765 1338 3852 in
1372 3797 1458 3889 quo
1514 3767 1715 3890 graphica
1737 3795 1874 3854 merce
1907 3765 1953 3855 in
1973 3763 2111 3859 lucem
2139 3765 2315 3876 educta,

663 3919 784 3979 xxvrt
812 3891 976 3980 circiter
1004 3890 1214 3980 editiones
1239 3887 1458 4016 profierun·
1515 3897 1684 3986 minime
1716 3925 1854 3984 tamen
1895 3889 2118 3987 dimoveor
2151 3928 2174 3984 a
2208 3926 2313 3986 con·

662 4043 728 4105 tur
761 4051 871 4142 quae
904 4015 1183 4110 Soncinenses
1212 4035 1354 4108 onmes
1374 4053 1458 4112 cer·
1513 4052 1637 4146 cepta
1669 4021 1896 4114 sententia.
1929 4017 2072 4116 Facile
2105 4027 2315 4116 enim're·

661 4147 817 4234 tissime
852 4175 1191 4270 praecesserunt.
1245 4147 1368 4268 Quid
1402 4151 1456 4240 ad
1513 4154 1618 4275 poni
1632 4178 1771 4276 potest
1786 4149 1995 4242 editiones
2008 4154 2185 4245 Sontini
2201 4185 2311 4278 quae

662 4271 766 4364 haec
798 4279 832 4365 si
867 4279 1056 4388 viveret,
1097 4275 1245 4368 Sarius
1287 4275 1457 4368 Medio·
1514 4311 1628 4368 anno
1660 4291 1846 4404 signatae
1867 4275 1921 4366 ad
1949 4310 2033 4371 nos
2055 4313 2312 4404 pervenere,

660 4404 841 4494 lanensis
852 4402 1009 4527 gloriae
1030 4408 1255 4498 acerrimus
1271 4405 1456 4514 vindex,
1512 4439 1603 4516 esse
1635 4405 1810 4530 quidem
1843 4401 2109 4495 Bononiensi
2141 4405 2221 4494 hac
2249 4438 2313 4510 re-

661 4536 739 4656 qui
770 4565 895 4658 aegre
928 4532 1037 4622 adeo
1075 4530 1174 4623 tulit
1214 4531 1295 4623 sibi
1327 4566 1454 4622 unam
1510 4537 1738 4648 certiores,
1788 4530 1871 4622 sed.
1918 4561 2009 4628 non
2049 4531 2158 4622 'ideo
2209 4531 2310 4622 hinc

661 4659 891 4750 editionem
922 4663 1113 4783 opponi,
1152 4693 1230 4750 nec
1268 4693 1454 4784 unquam
1511 4663 1654 4751 evinci
1685 4659 1805 4786 quod
1839 4694 1892 4754 eo
1925 4687 2091 4754 tantum
2118 4686 2309 4786 tempore

661 4821 805 4911 passus
844 4814 906 4879 est
946 4821 989 4878 se
1021 4821 1045 4877 a
1079 4790 1209 4911 priori
1247 4791 1454 4879 sententia
1512 4789 1614 4880 cudi
1633 4791 1851 4916 coeperint
1865 4791 1964 4886 heb
1977 4791 2243 4885 ¹characteres
2262 4789 2309 4878 in

661 4913 841 5008 divelli?
873 4911 968 5006 Nec
1000 4949 1129 5048 porro
1161 4919 1206 5006 si.
1224 4916 1456 5007 Soncinen·
1511 4917 1673 5043 oppido
1706 4919 1981 5011 Soncinensi.
2013 4917 2136 5010 Cum
2169 4945 2309 5011 autem

661 5040 775 5131 sibus
807 5041 980 5168 quidem
1013 5047 1132 5172 typis
1164 5047 1364 5170 primatus
1397 5077 1456 5135 es·
1510 5049 1734 5171 scriptores
1781 5079 1925 5140 omnes
1958 5076 2203 5142 constanter
2236 5079 2307 5137 as-

594 5259 598 5264 .
659 5195 723 5260 set
754 5169 1078 5279 concedendus,
1108 5205 1205 5263 eum
1236 5171 1347 5263 liber
1378 5172 1453 5264 ille
1510 5203 1651 5267 serant
1682 5175 1859 5268 Sontini
1892 5207 2055 5270 enatam
2082 5177 2310 5266 dimissam·

658 5289 867 5388 'Mivchhr
914 5301 1161 5423 appeninim
1209 5300 1450 5392 obtineret.
1509 5336 1594 5426 que
1628 5337 1702 5429 per
1746 5303 1913 5396 Italiam
1946 5333 1989 5398 et
2028 5301 2301 5397 Germaniam

661 5422 891 5517 Praecessit
924 5429 1037 5517 enim
1056 5427 1200 5520 Tract.
1232 5427 1468 5522 Berarbth'
1507 5429 1606 5520 heb.
1652 5435 2015 5559 typographiam,
2058 5465 2139 5524 nec
2191 5432 2303 5522 ullus

591 5659 595 5666 Ι
657 5551 769 5643 illius
801 5556 924 5663 anni,
956 5580 1003 5646 ut
1036 5556 1146 5648 nihil
1176 5557 1231 5651 de
1262 5560 1449 5650 editione
1506 5559 1686 5653 editioni
1727 5560 1991 5654 Bononiensi
2039 5565 2301 5686 subscriptus
