5222 7090
653 648 706 743 46
1109 643 1464 718 ANNALES

653 847 686 898 er
708 817 852 899 verbum
881 816 1022 895 Domini
1050 814 1095 892 de
1122 817 1273 894 Soucino
1295 866 1339 905 ,μ
1367 823 1442 900 Iam

652 961 734 1012 vero
764 933 840 1010 dies
868 959 936 1010 ιιιιι
966 929 1091 1008 mensis
1121 930 1259 1015 tebeth,
1287 957 1358 1036 quo
1379 931 1440 1006 ab·

650 1049 762 1124 soluta
790 1070 840 1122 est
868 1045 999 1133 editio,
1028 1040 1150 1120 incidit
1179 1047 1213 1120 in
1236 1043 1371 1118 initium
1393 1046 1444 1146 ja·

1520 639 1867 712 Hes-Tm

1840 874 1961 972 ιιι,

1600 1043 1787 1138 Moriatur
1824 1069 1881 1118 seu
1915 1045 2127 1140 judaicarum
2157 1069 2296 1137 precum

652 1160 760 1236 nuarii
814 1184 868 1235 au.
915 1159 1040 1254 r486.
1082 1154 1313 1265 Corrigendus
1354 1181 1436 1263 ergo
1496 1160 1711 1232 Bremenium
1729 1165 1835 1231 totius
1856 1165 1936 1228 anni
1958 1163 2065 1232 italici
2099 1167 2209 1244 tirus,
2225 1159 2293 1252 fol.

610 1353 612 1356 ,
652 1275 836 1351 Scabtaeus
864 1271 924 1378 qui
957 1272 991 1346 in
1033 1268 1140 1348 Scifte
1167 1268 1329 1376 jescenim
1360 1295 1435 1375 pag.
1494 1275 1630 1344 Sontini
1650 1291 1683 1342 ct
1704 1273 1817 1343 Catali
1845 1277 1968 1363 majore
1995 1297 2048 1344 att.
2085 1269 2121 1344 ἴα
2151 1289 2297 1346 ccxcv!

655 1413 704 1485 59
736 1411 863 1462 annutn
898 1411 975 1483 247
1007 1408 1141 1458 nostrae
1168 1382 1329 1458 editionis
1354 1407 1437 1456 con·
1494 1387 1537 1456 αὑ
1566 1386 1641 1454 orbe
1670 1386 1823 1468 condito,
1851 1387 1930 1468 ¹Cltr.
1959 1400 2273 1458 Mcccctxxxt‘t.
2336 1467 2340 1476 ¹

650 1502 781 1589 stituit,
810 1500 890 1574 Cltr.
921 1495 1329 1595 1487,Wolfiusetiam
1352 1518 1435 1569 tom.
1579 1495 1713 1568 Illustre
1742 1493 1835 1569 aliud
1876 1519 1912 1570 se
1944 1495 2044 1570 nobis
2075 1494 2194 1596 objicit
2225 1499 2294 1572 sin-

651 1617 667 1686 1
700 1607 776 1722 pag.
810 1637 911 1714 503,
947 1636 982 1686 et
1011 1607 1208 1716 Rodriguez
1244 1607 1288 1682 de
1318 1611 1437 1683 Castro
1495 1606 1621 1714 gularis
1662 1609 1890 1683 Soncinatum
1935 1606 2137 1716 diligentiae
2179 1611 2295 1714 speci-

649 1726 737 1802 Bibl.
778 1725 867 1832 hisp.
896 1745 979 1799 tom.
1008 1728 1023 1797 l
1054 1749 1086 1828 p.
1121 1723 1223 1809 228,
1263 1721 1324 1827 qui
1354 1745 1438 1796 eun·
1494 1735 1598 1808 rnen,
1627 1717 1825 1795 nitidissima
1856 1717 2016 1796 videlicet
2046 1722 2129 1798 ltaec
2151 1721 2294 1800 absolu-

650 1839 731 1914 dem
774 1864 903 1914 aunum
940 1861 974 1912 et
1018 1836 1084 1941 ipsi
1113 1835 1325 1943 praefigunt.
1367 1838 1438 1909 Nec
1496 1833 1617 1910 tissimi
1647 1831 1859 1934 judaicarum
1883 1859 2025 1940 precum
2044 1835 2198 1937 corporis
2219 1835 2294 1910 edi·

653 1978 724 2028 erat
770 1980 831 2028 cut
875 1949 919 2026 de
960 1950 1077 2024 Wolfii
1118 1974 1230 2024 errore
1269 1947 1440 2024 dubitaret
1498 1949 1565 2033 tio,
1593 1945 1638 2022 de
1667 1972 1734 2052 qua
1774 1945 2039 2054 profundissime
2079 1949 2179 2024 silent
2206 1975 2294 2024 otn-

649 2067 842 2142 Bisciottius
870 2063 1036 2138 Bibliotlr.
1066 2062 1145 2137 heb.
1174 2063 1262 2148 flor.
1288 2087 1322 2166 p.
1364 2087 1432 2136 121
1496 2085 1556 2134 nes
1584 2083 1759 2136 auctores.
1788 2065 1923 2136 Praeter
1953 2085 2072 2166 preces
2102 2060 2233 2136 feriales
2252 2087 2290 2138 et

650 2177 732 2255 edit.
763 2181 796 2255 in
830 2180 886 2263 8.,
924 2202 987 2250 nec
1016 2174 1188 2252 dubitavit
1217 2174 1362 2250 Wolfius
1390 2174 1441 2280 ip·
1496 2171 1660 2252 festorum
1691 2175 1796 2250 totius
1837 2174 1917 2249 anni
1950 2173 2091 2250 exhibet
2120 2175 2289 2251 sectiones

651 2318 706 2380 se,
737 2291 797 2397 qui
828 2290 1069 2368 Soncinensem
1099 2287 1286 2364 editionem
1317 2289 1439 2362 iterum
1496 2312 1615 2362 omncs
1644 2287 1714 2361 sive
1756 2287 1999 2373 Pentatett'clri,
2035 2288 2106 2366 sive
2135 2289 2290 2394 Prophe·

649 2430 828 2480 recensens
868 2405 902 2477 in
933 2428 974 2478 111
1012 2429 1050 2478 ac
1090 2424 1130 2476 ιν
1166 2401 1360 2488 volumine,
1388 2425 1441 2475 re·
1497 2422 1609 2475 tarum
1651 2401 1739 2474 inter
1779 2427 1834 2476 eas
1875 2425 2121 2487 occurrentes,
2167 2404 2289 2478 barum

650 2518 792 2594 ctiorem
835 2543 947 2592 aerem
988 2516 1154 2591 restituit.
1201 2519 1295 2592 Haec
1337 2539 1440 2620 porro
1497 2513 1680 2589 nonnullas
1707 2514 1811 2589 etiarn
1851 2541 1930 2592 cum
1971 2515 2153 2590 Cltaldaica
2193 2541 2293 2620 para·

648 2629 756 2706 editio
786 2631 1004 2736 integerrima
1034 2651 1106 2716 est,
1134 2655 1193 2704 seu
1225 2655 1292 2704 non
1315 2626 1440 2702 desunt
1497 2625 1633 2731 phrasi,
1673 2625 1824 2704 Psaltnos
1865 2629 2068 2735 plerosque,
2108 2630 2291 2706 Canticum

648 2743 684 2822 iu
714 2771 756 2820 ea
787 2744 866 2819 bina
895 2743 1025 2847 capita,
1066 2765 1150 2816 xxv
1177 2765 1213 2816 et
1243 2765 1338 2817 xxvr
1367 2737 1442 2814 dis·

648 2858 841 2934 sertationis
870 2880 936 2940 ιιι,
965 2855 998 2929 in
1028 2855 1155 2959 quibus
1183 2879 1303 2930 auctor
1323 2877 1439 2960 aperte

650 2971 825 3046 Christum
851 2996 891 3045 ac
912 2967 1129 3045 christianam
1151 2968 1353 3074 religionem
1376 2993 1439 3071 op·

649 3109 802 3191 pugnat,
831 3109 1040 3187 quamquam
1069 3107 1108 3156 ea
1138 3105 1232 3155 tanto
1261 3081 1438 3184 inquisito·

565 3267 572 3294 ,
648 3224 724 3272 rutn
756 3197 872 3272 studio
902 3221 971 3268 non
994 3197 1028 3268 in
1052 3193 1297 3299 posterioribus
1325 3193 1437 3268 solum

646 3310 819 3415 plerisque
858 3307 1088 3394 editionibus,
1125 3305 1184 3382 sed
1226 3307 1259 3380 in
1297 3304 1439 3413 siugulis

646 3422 868 3498 Soucineosis
899 3420 1002 3523 hujus
1031 3417 1287 3525 exemplaribus
1309 3444 1438 3495 reseca·

542 3569 546 3572 ·
647 3559 679 3610 ta
710 3559 809 3622 sunt,
842 3559 879 3610 ut
903 3533 1005 3640 longe
1030 3535 1233 3610 rarissimum
1257 3535 1298 3608 sit
1321 3557 1437 3606 exem·

646 3647 745 3754 plur,
774 3647 809 3721 in
838 3672 909 3751 qno
930 3647 1163 3752 reperiantur.
1188 3653 1307 3722 Servat
1335 3648 1436 3721 etiam

647 3761 813 3835 intactum
844 3761 983 3849 locum,
1026 3786 1131 3862 quern
1162 3785 1205 3834 err
1236 3759 1435 3836 Lublineusi

645 3872 796 3948 editione
827 3871 977 3948 restituit
1004 3873 1177 3949 Wulferus
1208 3876 1240 3946 in
1273 3877 1363 3948 notis
1392 3873 1457 3949 nd·

642 3986 845 4062 Theriacnm
882 3985 1053 4089 judaicam
1095 4014 1129 4093 p.
1179 3987 1276 4076 126,
1305 3987 1437 4092 aliaque

642 4123 713 4173 non
745 4125 853 4206 pauca
884 4099 985 4174 nobis
1011 4099 1193 4206 opposita.
1221 4105 1318 4198 Quae
1349 4128 1436 4208 con-

640 4237 691 4288 tra
721 4239 783 4288 nos
828 4213 932 4290 habet
961 4221 1038 4319 cap.
1082 4239 1171 4289 xxv·
1205 4240 1305 4318 snpra
1334 4241 1435 4290 com-

640 4351 855 4412 memorato,
881 4331 951 4430 jam
981 4327 1177 4402 observavit
1202 4325 1432 4403 Btrtoloccius

614 4501 616 4516 .
641 4462 681 4512 ea
710 4466 728 4514 a
758 4439 981 4514 Genebrardo
1021 4439 1123 4515 fuisse
1153 4467 1248 4516 versa
1278 4466 1317 4515 ac
1347 4469 1432 4515 con-

560 4547 564 4554 ’
640 4549 774 4638 littera,
819 4550 938 4626 libello
984 4552 1019 4626 in
1058 4552 1145 4627 hanc
1188 4580 1260 4628 rem
1298 4554 1433 4629 Parisiis

641 4663 738 4737 edito
767 4689 857 4738 anno
904 4653 1030 4761 1566,
1069 4665 1237 4770 integram
1268 4692 1350 4740 vero
1381 4691 1436 4741 ro-

642 4779 709 4852 tius
748 4774 829 4849 libri
859 4776 1050 4850 versionem
1082 4805 1100 4852 a
1133 4777 1289 4852 Schnllio
1332 4805 1435 4884 prae-

640 4887 677 4964 lo
707 4913 856 4994 paratam
886 4890 1011 4964 serrari
1043 4889 1180 4965 tradunt
1219 4892 1435 4967 Miscellanea

643 5002 912 5108 Duisburgensia
955 5025 1036 5076 tom.
1077 5028 1103 5078 ιι
1134 5029 1167 5109 p.
1211 5029 1307 5103 337,
1346 5031 1434 5110 quae

1498 2741 1742 2826 Canticotutn,
1786 2743 1908 2834 Ruth,
1944 2743 2129 2829 Tlrrenos,
2170 2742 2291 2818 Eccle-

1496 2852 1652 2941 siastem‚
1695 2855 1897 2945 lotzeroth,
1942 2855 2114 2940 Selicdtlt,
2156 2857 2290 2930 Techi-

1496 2965 1605 3054 noth,
1634 2991 1691 3044 seu
1721 2995 1834 3044 sacros
1862 2968 2014 3074 hymnos
2043 2968 2286 3074 quamplures,

1494 3077 1555 3183 qui
1584 3107 1664 3156 cum
1695 3081 1795 3157 sactis
1825 3083 1983 3187 precibus
2011 3083 2206 3169 canuntur,
2235 3081 2292 3160 fu·

1495 3217 1575 3267 sutn
1604 3197 1643 3268 R.
1674 3193 1824 3275 Jeltutlae
1854 3199 1993 3273 Levitae
2034 3205 2170 3272 carmeti
2215 3195 2292 3272 sab·

1494 3303 1592 3379 bathi
1629 3331 1707 3382 ante
1751 3306 1887 3398 Purim,
1924 3309 2098 3385 Azaardtlt
2138 3335 2196 3386 seu
2226 3315 2289 3386 Pa·

1494 3441 1648 3495 raeceses
1688 3424 1728 3495 R.
1765 3421 1958 3499 Salomonis
1998 3423 2144 3498 Gavirol
2182 3445 2216 3498 et
2247 3427 2288 3497 R.

1494 3530 1609 3619 Eliae,
1637 3532 1758 3610 Pirche
1795 3534 1901 3610 avoth
1941 3561 2001 3612 seu
2031 3534 2190 3642 Capitula
2223 3562 2292 3641 pa-.

1495 3669 1585 3722 trum
1615 3673 1695 3721 cum
1726 3649 1983 3724 Commentario
2006 3647 2228 3724 Maimonidis
2250 3674 2285 3725 et

1494 3783 1575 3834 octo
1604 3764 1678 3859 ejus
1705 3759 1881 3836 Peracbim
1904 3786 1948 3836 ert
1972 3762 2129 3839 versione
2147 3787 2179 3836 ct
2204 3789 2286 3838 curn

1494 3872 1706 3979 praefatione
1728 3879 1768 3948 ll.
1788 3874 1955 3950 Samuelis
1984 3875 2095 3952 abben
2124 3873 2292 3964 Tibbon,

1494 4012 1534 4062 ac
1573 3984 1709 4061 tandem
1740 3985 1882 4075 Dinim,
1923 4013 1983 4064 seu
2022 3988 2288 4066 constitutiones

1492 4124 1633 4205 precum
1665 4122 1700 4175 et
1741 4101 1869 4177 rituum
1915 4103 1985 4177 suis
2015 4102 2099 4178 locis
2128 4101 2286 4178 insertas.

1492 4214 1616 4318 incipit
1646 4213 1761 4289 statim
1792 4240 1811 4289 a
1836 4213 2044 4318 praefatione
2064 4239 2202 4290 centum
2226 4213 2288 4288 be-

1492 4325 1745 4402 nedictionibus
1773 4328 1905 4432 totique
1945 4329 2041 4434 operi
2081 4329 2291 4433 praemissa,

1489 4442 1586 4541 cujus
1616 4440 1765 4544 primum
1804 4440 2013 4519 vocabulum
2052 4461 2146 4532 Tun*
2178 4443 2291 4541 majo-

1490 4551 1585 4628 ribus
1615 4551 1735 4627 litteris
1762 4553 1936 4658 quadratis
1965 4554 2056 4630 tituli
2090 4553 2196 4630 veluti
2228 4551 2288 4629 lo-

1489 4691 1531 4741 co
1561 4666 1593 4739 io
1625 4663 1739 4741 medio
1760 4669 2003 4773 praeponitur.
2031 4673 2070 4742 In
2091 4665 2185 4748 binas
2207 4692 2289 4771 par-

1491 4802 1542 4855 tes
1584 4777 1638 4853 vel
1682 4779 1854 4855 volumina
1908 4778 2093 4871 dividitur,
2134 4805 2285 4885 quorum

1493 4893 1653 4998 primunr
1675 4889 1766 4968 foliis
1807 4917 1939 4979 constat
1976 4892 2147 5000 impressis
2183 4896 2288 4990 165,-

1493 5001 1682 5081 secundum
1720 5029 1817 5102 154,
1842 5007 2039 5084 universum
2069 5033 2158 5111 opus
2184 5029 2286 5106 3¹9·

638 5137 752 5191 tamen
794 5113 922 5192 inedita
960 5117 1137 5191 remansit.
1156 5141 1165 5171 ι’
1177 5121 1314 5192 Praeter
1355 5119 1434 5193 bina
1491 5123 1529 5192 lu
1547 5116 1835 5223 praestantissimo
1850 5146 1889 5195 ac
1902 5120 2148 5226 pretiosissimo
2167 5143 2286 5193 exem·

638 5253 727 5334 quae
760 5227 996 5334 possidemus,
1018 5229 1309 5336 exempla,errtat
1328 5231 1433 5307 etiam
1491 5230 1576 5337 plari
1607 5230 1890 5319 membranaceo,
1918 5232 2012 5338 quod
2040 5257 2188 5307 nostram
2209 5235 2279 5334 jam

640 5340 726 5416 haec
755 5339 861 5416 editio
890 5343 924 5416 in
945 5344 1131 5430 Vaticana,
1163 5344 1339 5429 Meditor,
1369 5351 1435 5420 Bo·
1491 5342 1732 5422 collectionem
1772 5370 1938 5432 exornat,
1966 5373 2085 5451 margo
2113 5343 2285 5450 amplissi-

639 5454 795 5532 nonicnsi
824 5455 997 5550 instituti,
1025 5483 1060 5533 et
1088 5455 1376 5568 Selignrannitna.
1490 5483 1589 5534 mus.
1627 5461 1754 5534 Extant
1788 5462 1978 5569 signaturae
2006 5456 2163 5566 quolibet
2190 5481 2286 5563 qna·-
2318 5497 2320 5500 ·
