5146 7094
668 719 743 797 166
1085 721 1455 794 ANNALES
1511 719 1864 798 Han-Tre.

659 895 742 975 edit.
771 893 1002 972 Gersouiauae
1032 921 1066 1000 p
1097 921 1167 983 22,
1206 893 1371 972 Bibliotb.
1399 894 1458 970 lib.
1515 896 1597 985 ctis,
1626 894 1683 971 alii
1722 891 1766 970 de
1795 892 1864 970 lroc
1903 891 2028 982 silent,
2066 913 2146 970 snut
2185 894 2327 1020 etqui

661 1039 726 1088 rar.
756 1011 852 1086 univ
888 1031 972 1086 torn.
1011 1012 1132 1117 lpag.
1175 1011 1249 1108 96,
1287 1007 1458 1085 Masclrius
1516 1033 1662 1114 utroque
1691 1007 1797 1084 modo
1821 1006 1987 1096 r·‚eferant
2016 1031 2054 1084 ut
2082 1007 2114 1082 le
2141 991 2327 1114 Longius,

659 1122 821 1202 Biblioth.
850 1147 933 1201 sacr.
973 1147 1056 1197 tom.
1084 1127 1100 1195 l
1130 1147 1163 1227 p·
1196 1145 1270 1220 572
1313 1125 1373 1228 qui
1405 1144 1458 1196 ta·
1514 1149 1577 1198 nec
1606 1123 1703 1198 binas
1738 1145 1797 1197 aut
1827 1144 1919 1212 tres,
1958 1119 2018 1198 sed
2046 1145 2105 1196 sex
2144 1119 2311 1198 editiones

660 1263 740 1316 rnen
780 1253 897 1314 tnonct
938 1261 957 1310 a
989 1260 1044 1310 me
1083 1233 1118 1309 in
1158 1231 1305 1312 dubium
1343 1234 1458 1312 vocari
1514 1236 1764 1344 multiplicent.
1802 1234 1923 1312 Nullus
1950 1235 2079 1312 Pisauri
2105 1231 2309 1314 decurrente

658 1355 713 1428 De
742 1349 822 1427 heb.
851 1374 928 1457 typ.
958 1347 1041 1456 orig.
1072 1373 1107 1454 p.
1139 1348 1215 1423 80.
1246 1353 1298 1424 Ac
1326 1373 1458 1425 nostras
1515 1348 1714 1426 xv'seculo
1750 1373 1844 1426 certo
1883 1349 2063 1456 impressus
2091 1371 2142 1426 cst
2172 1346 2310 1424 hebrai·

659 1464 722 1541 ltas
749 1463 918 1541 editiones
953 1461 1090 1569 respicit
1127 1460 1279 1549 Hodius,
1305 1463 1366 1567 qui
1394 1461 1458 1538 Bi·
1513 1491 1574 1539 cus
1601 1463 1710 1555 liber,
1753 1461 1846 1538 nulla
1875 1461 1946 1538 illic
1974 1485 2084 1538 erecta
2115 1461 2242 1538 borum
2270 1462 2310 1537 li·

658 1578 727 1655 blia
757 1579 885 1654 Pisauri
914 1598 992 1653 ante
1021 1599 1148 1651 annum
1187 1577 1288 1671 1506
1312 1576 1456 1681 impres·
1513 1573 1654 1652 brorum
1683 1575 1933 1682 typographia.
1973 1575 2175 1650 Pisaurensis
2204 1599 2312 1680 typo·
2356 1629 2359 1634 -

659 1717 695 1769 sa
725 1689 882 1766 adfirmat
911 1694 963 1766 De
992 1687 1145 1764 textibus
1178 1690 1261 1792 orig.
1291 1713 1324 1793 p.
1353 1714 1456 1792 449,
1513 1689 1665 1796 grapbus
1693 1690 1867 1766 Abrabam
1906 1687 1973 1764 ben
2004 1685 2140 1761 Cbailm
2170 1688 2306 1762 nullutn

659 1831 736 1881 turn
765 1802 990 1880 Chamberius
1018 1826 1053 1876 et
1074 1797 1213 1908 gallicae
1242 1801 1457 1908 Encyclope·
1513 1805 1546 1878 in
1579 1804 1707 1908 patria,
1752 1803 1791 1878 ut
1821 1827 1855 1907 p.
1892 1827 1939 1898 ι4
1971 1799 2142 1888 vidimus,
2180 1799 2309 1880 librum

658 1917 735 1994 diae
775 1939 930 1993 auctores
967 1917 1027 2020 qui
1056 1935 1210 1989 asserunt
1249 1914 1458 2020 antiquiores
1512 1914 1645 1992 edidit.
1686 1917 1899 1992 Pisaurenses
1927 1912 2093 1990 editiones
2121 1939 2192 1988 uon
2220 1939 2311 2022 pau-

657 2029 898 2106 hebraicorum
945 2028 1132 2103 Bibliorum
1178 2023 1343 2102 editiones
1385 2051 1456 2102 esse
1512 2053 1572 2104 cae
1600 2055 1686 2136 quas
1713 2027 1898 2114 habemus,
1925 2051 2045 2104 ournes
2076 2028 2215 2104 ineunte
2243 2052 2308 2102 sec.

659 2169 715 2218 eas
743 2167 831 2250 quae
860 2168 879 2217 a
909 2140 1043 2222 ludaeis
1071 2138 1160 2213 ltalis
1188 2141 1316 2215 Pisauri
1346 2141 1458 2248 poris·
1513 2167 1582 2220 xvr
1622 2143 1731 2219 factae
1769 2164 1896 2218 sunta
1934 2144 2090 2216 Gersone
2129 2141 2309 2218 Soncinate

657 2257 783 2334 simum
813 2281 852 2332 ac
882 2255 1014 2331 Brixiae
1042 2251 1148 2328 factae
1177 2277 1276 2328 suut.
1512 2255 1571 2360 qui
1614 2255 1789 2332 hebraicos
1832 2279 1939 2360 typos
1967 2254 2138 2383 primum
2154 2259 2307 2342 Fanum,

743 2374 965 2473 Quamquam
994 2391 1097 2472 porro
1126 2365 1225 2442 multi
1254 2367 1347 2472 iique
1375 2390 1457 2472 gra·
1513 2366 1638 2444 deinde
1675 2372 1852 2445 Pisaurum
1891 2367 2050 2442 omniurn
2087 2367 2217 2472 primus
2244 2364 2310 2440 de-

659 2479 788 2559 uissimi
816 2505 969 2559 auctores
997 2481 1032 2553 in
1063 2475 1202 2584 ⁴duplici
1231 2478 1295 2555 hac
1323 2477 1457 2556 editio-
1515 2481 1635 2572 vexit,
1663 2483 1793 2587 quique
1821 2505 1914 2556 anno
1949 2505 2052 2578 ¹494
2092 2505 2161 2556 non
2191 2481 2311 2556 Pisau-

659 2621 702 2672 ne
732 2595 786 2672 rel
816 2595 926 2672 fotura
968 2591 1190 2668 memoranda
1229 2594 1457 2680 conueniant,
1515 2597 1566 2685 ri,
1587 2593 1647 2670 sed
1670 2595 1803 2670 Brixiae
1833 2593 2079 2700 imprimebat,
2106 2616 2141 2669 et
2169 2593 2311 2702 quidem

658 2735 763 2785 uerno
792 2734 908 2785 tamen
946 2729 997 2783 est
1027 2707 1114 2780 inter
1149 2729 1232 2792 eos,
1258 2707 1315 2782 cui
1344 2705 1456 2783 ullum
1513 2707 1770 2816 imprimebat
1760 2729 1891 2815 integra
1922 2706 2056 2782 Biblia.

660 2848 811 2928 unquam
843 2822 959 2899 ridere
998 2816 1181 2924 contigerit
1211 2816 1299 2894 illius
1327 2843 1456 2896 ertem-
1595 2827 1695 2921 Quae
1733 2819 1874 2928 quidem
1904 2819 2012 2896 Biblia
2051 2814 2159 2892 hoc
2149 2842 2225 2922 rpso
2252 2843 2313 2892 an·

658 2937 733 3042 plar
763 2961 825 3012 uec
853 2937 888 3012 in
929 2933 1037 3021 folio,
1066 2957 1129 3006 uec
1171 2932 1204 3005 in
1233 2955 1358 3038 quarto
1388 2935 1454 3009 irn-
1510 2959 1555 3011 no
1584 2933 1714 3012 edita
1705 2960 1740 3008 rn
1777 2958 1902 3040 quarto
1943 2931 2069 3008 minori
2101 2931 2156 3006 vel
2182 2956 2309 3008 octavo

658 3073 832 3155 pressum.
871 3045 1013 3126 Nullum
1054 3044 1150 3120 ullibi
1192 3069 1287 3120 extat
1327 3045 1454 3124 necin
1510 3049 1652 3125 inuuere
1692 3071 1845 3123 auctores
1883 3046 1960 3122 illos
2001 3043 2150 3122 voluisse
2189 3069 2225 3121 et
2252 3046 2315 3119 Pi-

660 3163 799 3266 privatis
841 3161 1047 3244 ludaeorum
1089 3156 1143 3234 vel
1182 3157 1456 3248 Christianorum
1512 3187 1648 3237 sautum
1678 3159 1742 3236 illis
1782 3159 1916 3238 Brixiae
1944 3159 2021 3236 loco
2050 3155 2215 3236 excidisse
2246 3183 2311 3264 pro

658 3273 901 3363 bibliothecis,
941 3294 1072 3378 nosque
1100 3269 1161 3374 qui
1202 3270 1237 3344 in
1267 3276 1455 3377 exquiren-
1512 3297 1607 3350 certo
1636 3271 1826 3350 tenendum
1866 3295 1940 3360 est,
1977 3297 2178 3376 constatque
2205 3274 2309 3349 etiam

657 3385 711 3462 dis
739 3412 775 3463 et
803 3385 1027 3495 congerendis
1056 3380 1298 3488 antiquissimis
1326 3382 1456 3460 Biblio·
1511 3387 1779 3464 luculentissime
1807 3411 1853 3464 ex
1880 3383 1994 3464 verbis
2010 3411 2099 3491 quae
2118 3385 2307 3490 subjiciunt

658 3526 737 3575 rum
777 3497 1018 3575 hebraicorum
1057 3495 1264 3572 editionibus
1306 3497 1454 3573 multum
1511 3507 1546 3575 ru
1586 3505 1708 3576 ditione
1744 3509 1945 3581 Venetorum
1983 3525 2071 3604 quae
2113 3497 2158 3573 de
2195 3496 2313 3574 Brixia

657 3610 813 3688 studium
856 3610 1124 3734 diuturnamque
1164 3633 1304 3714 operam
1334 3611 1455 3716 posui·
1512 3639 1591 3688 sane
1619 3611 1689 3689 dici
1734 3639 1877 3719 possunt
1920 3636 1954 3688 et
1994 3610 2156 3688 dicuutur
2194 3635 2312 3716 reapse

659 3751 765 3816 mus,
817 3725 992 3829 multaque
1040 3721 1204 3796 rariorum
1262 3721 1455 3800 editionum
1512 3727 1548 3801 iu
1591 3725 1778 3834 epigraphe
1818 3725 1976 3805 editionis
2017 3723 2227 3816 Brixiensis,
2267 3722 2313 3798 de

658 3835 818 3944 exempla
846 3835 1039 3912 felicissime
1068 3833 1296 3921 corrasimus,
1335 3835 1457 3912 hatum
1514 3839 1653 3915 Pisauro
1683 3865 1752 3914 norr
1784 3863 1946 3946 possunt.
1984 3839 2099 3915 Verba
2129 3840 2215 3914 baec
2243 3863 2316 3913 rua·

658 3953 907 4028 Pisaurensium
938 3975 980 4026 ne
1019 3945 1133 4028 uolam
1161 3945 1303 4055 quidem
1332 3976 1371 4024 ac
1399 3975 1459 4026 ve·
1515 3951 1637 4028 nifeste
1680 3950 1848 4057 descripta
1888 3976 1967 4028 sunt
2003 3975 2049 4028 ex
2085 3949 2206 4028 eadern
2241 3951 2319 4058 epi·

659 4064 801 4173 stigium
832 4062 991 4172 indagare
1022 4060 1220 4168 potuimus,
1246 4060 1341 4168 quod
1362 4088 1458 4139 certo
1515 4062 1645 4171 graplre
1680 4061 1841 4140 editionis
1883 4065 2064 4142 Brixiensis
2092 4063 2170 4140 anni
2209 4089 2313 4163 ι494
2416 4067 2430 4076 “

658 4177 801 4308 quidem
831 4177 874 4253 ad
904 4177 994 4251 hanc
1024 4171 1144 4251 urbem
1165 4198 1199 4252 et
1218 4199 1363 4252 aetatem
1380 4201 1459 4282 per·
1515 4199 1550 4251 et
1579 4175 1621 4252 ad
1650 4203 1725 4253 eam
1750 4178 1944 4284 pertinent.
1933 4178 2146 4254 .Pertiuent
2174 4200 2316 4286 ergoet

656 4291 786 4368 tinent.
817 4296 892 4396 lpsa
925 4314 1045 4365 earum
1086 4287 1236 4364 recensio
1264 4315 1303 4364 ac
1331 4287 1459 4365 descri-
1514 4287 1558 4364 ad
1587 4289 1730 4366 eandem
1760 4289 1947 4368 editionem
1988 4290 2097 4367 Biblia
2125 4291 2316 4368 Pisauren-

658 4405 734 4507 ptio
763 4405 857 4480 uaria
885 4425 958 4488 est,
986 4402 1174 4488 incerta,
1165 4425 1382 4488 tuconstaus‚
1399 4427 1458 4478 er·
1513 4402 1562 4477 sia
1591 4399 1777 4508 dequibus
1803 4403 1983 4483 dicuutur.
2015 4409 2161 4510 Hocque
2190 4429 2232 4480 eo
2255 4428 2317 4478 ve·

659 4539 784 4589 runca.
826 4515 895 4590 Alii
931 4515 1026 4592 binas
1063 4511 1255 4601 editiones,
1295 4514 1352 4589 alii
1392 4539 1459 4590 tres
1513 4514 1708 4606 risimilius,
1734 4515 1828 4621 quod
1851 4520 2045 4593 aGesnero
2072 4517 2132 4622 qui
2152 4516 2315 4592 omnium

659 4651 721 4702 seu
765 4627 887 4732 triplici
915 4625 1046 4718 forma,
1088 4626 1145 4700 alii
1176 4653 1280 4702 unam
1322 4651 1458 4702 tanturn
1514 4627 1644 4734 primus
1673 4628 1769 4705 binas
1807 4627 1868 4706 lras
1895 4629 2064 4706 editiones
2101 4653 2317 4706 commemo·

658 4764 954 4815 commemorant.
983 4739 1100 4815 Plures
1125 4737 1248 4814 eodem
1277 4765 1367 4814 anno
1387 4738 1459 4816 edi·
1516 4764 1592 4828 rat,
1634 4740 1793 4818 dicantur
1834 4741 1878 4819 de
1921 4741 1994 4820 sola
2034 4741 2143 4818 forma
2181 4741 2217 4816 in
2248 4771 2316 4837 4.,

658 4851 769 4928 tiones
795 4853 829 4928 in
859 4850 978 4927 eadem
1009 4850 1092 4927 urbe
1121 4851 1233 4927 lucem
1255 4849 1375 4929 vidisse
1397 4853 1460 4930 vix
1516 4879 1585 4930 non
1615 4851 1660 4931 de
1699 4854 1804 4931 altera
1833 4859 1866 4931 iu
1895 4855 2002 4947 folio,
2037 4852 2134 4961 quod
2172 4855 2227 4930 illa
2254 4852 2319 4930 di-

660 4964 847 5042 crcdibile.
891 4965 980 5038 Hinc
1017 4964 1073 5038 alii
1105 4963 1199 5040 binas
1243 4965 1371 5072 priores
1397 4991 1459 5042 seu
1516 4990 1613 5044 catur
1640 4967 1728 5044 hanc
1768 4971 2014 5073 praecessisse,
2053 4991 2088 5044 et
2116 4968 2211 5072 quod
2242 4991 2321 5044 tarr·

660 5103 791 5155 nostras
829 5077 890 5153 has
928 5097 1116 5183 respuunt,
1154 5075 1312 5152 solam
1303 5104 1338 5152 tn
1366 5103 1460 5154 octa·
1517 5077 1597 5156 dem
1644 5103 1764 5156 neutra
1793 5081 1927 5159 dicatur
1966 5082 2101 5188 punctis
2129 5079 2322 5158 destituta.

662 5217 730 5280 vo,
758 5189 803 5266 de
830 5217 898 5298 qua
938 5190 1048 5278 infra,
1077 5214 1114 5266 ut
1143 5190 1326 5298 genuinam
1366 5217 1460 5266 acce·
1513 5249 1535 5284 ‚,
1555 5191 1682 5280 Brblra
1712 5194 1856 5300 inquit,
1858 5197 2036 5303 impressa
2058 5193 2218 5271 Pisauri
2209 5220 2244 5270 m
2262 5194 2317 5270 dr

659 5327 779 5409 ptaot,
821 5325 902 5380 sunt
942 5305 1003 5409 qui
1032 5302 1109 5382 illas
1156 5330 1273 5410 reapse
1309 5303 1460 5381 diversas
1517 5305 1608 5382 tione
1639 5311 1899 5384 Venetorum
1891 5335 1991 5404 ιιι4.
2034 5309 2186 5416 primurn
2223 5333 2316 5383 anno

659 5414 897 5505 contendant,
925 5441 1005 5493 sunt
1034 5418 1094 5523 qui
1122 5416 1263 5495 credant
1292 5419 1363 5494 sola
1392 5417 1461 5494 lor·
1516 5420 1656 5504 Domini
1693 5419 2083 5521 1494c0rrectissima.
2112 5417 2220 5497 Biblia
2242 5448 2319 5498 rur·

660 5555 717 5606 ma
746 5527 890 5609 diferre.
920 5529 990 5608 Alii
1018 5533 1074 5608 dit
1057 5555 1139 5611 unt
1166 5559 1239 5611 esse
1267 5533 1339 5610 sine
1368 5557 1462 5640 putr-
1516 5559 1572 5610 sus
1601 5534 1728 5611 Pisauri
1764 5559 1890 5613 excusa
1918 5532 2042 5613 eodem
2082 5557 2237 5642 tempore
2268 5537 2320 5612 iu·
