5146 7094
841 685 1429 757 PAttsPatutra.
1877 707 1946 759 tot

299 857 444 966 aliisque
492 855 698 935 Pisaurensis
746 853 927 945 creditur,
975 855 1095 934 eadem
1145 884 1194 938 ‚ac
1224 856 1355 936 fontem
1384 881 1419 935 et
1448 857 1520 966 ipse
1550 859 1727 938 constituit
1757 851 1791 958 in
1821 856 1951 938 Introd.

299 998 380 1048 cum
412 995 526 1048 nostra
556 971 700 1046 omnino
728 993 786 1047 est.
810 971 916 1048 editio
945 997 1095 1078 cumque
1153 977 1196 1046 V.
1225 977 1268 1048 Τ.
1300 994 1382 1050 tom.
1413 977 1429 1047 1
1459 1001 1491 1080 p.
1524 999 1628 1072 250,
1667 999 1701 1053 et
1730 999 1758 1049 rr
1785 1002 1818 1080 p.
1851 998 1895 1048 at
1913 999 1954 1049 r.

295 1112 335 1162 ea
367 1086 402 1160 in
431 1084 592 1162 omnibus
620 1083 827 1162 adamussim
856 1084 1095 1162 consentiens.
1154 1082 1255 1162 Adde
1284 1111 1420 1192 praeter
1440 1085 1668 1194 discrepantes
1689 1087 1853 1164 lectiones
1883 1085 1954 1162 sin·

297 1204 370 1279 Nec
398 1221 437 1275 ea
459 1197 575 1275 inter.
596 1223 746 1276 nostram
776 1223 810 1275 et
851 1201 1095 1277 Munsterianas
1152 1198 1285 1308 gulares
1322 1225 1392 1278 non
1430 1207 1584 1308 paucas,
1630 1201 1805 1309 proprias,
1835 1202 1951 1278 unicas

296 1311 600 1390 hebraeo—latinas
639 1338 692 1391 est
741 1317 947 1406 consensio,
987 1339 1091 1420 quam
1150 1311 1338 1390 editionem
1367 1335 1516 1391 nostram
1561 1311 1772 1421 complecti,
1808 1313 1842 1391 in
1872 1313 1952 1421 qui·

296 1449 396 1532 putat
425 1425 619 1516 masenius,
658 1451 721 1503 nec
750 1425 890 1504 tandem
919 1427 1093 1536 quinque,
1150 1424 1215 1504 bus
1243 1453 1324 1504 cum
1364 1425 1458 1505 nulla
1485 1427 1552 1504 alia
1564 1479 1579 1532 ,Ι
1605 1427 1815 1534 quandoque
1843 1429 1950 1504 etiam

294 1537 354 1615 sed
384 1563 534 1645 quatuor
562 1537 957 1648 absolvitutpattibus,
981 1567 1019 1620 ut
1040 1567 1093 1618 so·
1151 1566 1231 1616 cum
1261 1537 1357 1618 nullo
1375 1567 1437 1620 ms
1459 1533 1601 1633 codice,
1630 1542 1823 1618 consentit.
1851 1545 1950 1618 Coa-

295 1649 369 1728 lent
398 1651 515 1734 Iudaei
543 1680 654 1732 sacros
680 1655 787 1732 libros
815 1653 988 1731 dividere.
1031 1653 1092 1731 Li·
1150 1651 1299 1732 ferantur
1327 1656 1362 1732 in
1386 1653 1583 1738 ¹collatione
1611 1678 1725 1731 nostra
1763 1660 1903 1732 Deuter.
1934 1679 1947 1731 1

295 1763 347 1841 bri
377 1767 469 1841 enim
515 1766 686 1866 festivales
716 1795 761 1845 ex
791 1769 1020 1878 Agiograplris
1049 1769 1093 1844 ad
1154 1770 1228 1859 28,
1257 1793 1356 1847 xxtx
1387 1798 1435 1868 4,
1464 1775 1564 1851 Josue
1594 1793 1621 1844 11
1653 1794 1729 1856 21,
1761 1770 1836 1850 lud.
1866 1793 1950 1844 xvrt

296 1880 520 1957 Pentatenclti
550 1881 703 1974 calcem,
743 1907 781 1959 ut
811 1883 844 1958 io
886 1884 1009 1960 nostris
1038 1882 1095 1958 Bi·
1154 1885 1200 1972 8,
1239 1884 1439 1992 lReg0x1
1477 1910 1547 1983 17,
1585 1907 1659 1982 19,
1692 1906 1766 1971 21,
1804 1885 1837 1957 11
1859 1887 1949 1991 Reg.

296 1991 375 2070 briis
403 1993 463 2082 fit,
493 1994 666 2090 translati,
696 2023 766 2074 nort
798 2021 925 2074 novam
953 2023 1012 2074 seu
1041 2021 1093 2074 se·
1150 2018 1178 2069 tr
1215 2021 1257 2085 1,
1295 2021 1381 2074 xvrt
1411 2026 1461 2094 4,
1504 1997 1580 2074 lsai.
1609 2021 1675 2074 xvr
1713 2023 1786 2092 14,
1824 1995 1950 2072 Ezech.

295 2107 444 2182 condam
488 2135 644 2214 partem,
686 2110 744 2186 sed
787 2112 918 2218 primae
956 2134 1089 2188 tantum
1149 2133 1205 2184 xu
1240 2135 1309 2210 19.
1348 2115 1402 2187 De
1432 2109 1614 2200 Brirriensis
1642 2133 1758 2186 autem
1788 2108 1950 2187 editionis

294 2220 522 2328 appendicem
550 2225 782 2303 constituunt.
810 2229 971 2302 Ceterum
992 2223 1090 2332 qnod
1147 2225 1358 2301 correctione
1390 2222 1456 2302 hoc
1490 2223 1570 2302 tulit
1610 2223 1778 2331 judicium
1807 2223 1947 2330 Opitius

294 2329 390 2410 notat
433 2337 475 2411 cl.
522 2337 694 2414 Meschins
734 2339 886 2446 primum
938 2337 1090 2438 cujusvis
1146 2334 1240 2441 quod
1284 2338 1363 2415 satis
1413 2364 1607 2416 accuratam
1652 2336 1946 2446 deprehenderit,

293 2446 495 2524 eorumdem
536 2449 701 2526 librorum
737 2451 943 2529 festivaliutn
973 2477 1011 2528 ac
1039 2479 1089 2528 re·
1143 2454 1282 2558 jamque
1311 2452 1422 2528 multo
1451 2477 1529 2530 ante
1560 2452 1742 2531 Scabtaens
1763 2477 1841 2529 earn
1863 2473 1944 2532 narn

293 2562 468 2668 liquorum
505 2565 660 2639 omnium
690 2563 749 2672 qui
793 2591 984 2672 sequuntur
1015 2591 1089 2642 vet·
1145 2587 1203 2639 seu
1234 2592 1411 2640 correctam
1448 2566 1703 2676 appellaverat.
1744 2571 1874 2652 Verum
1904 2566 1951 2642 cl.

293 2673 379 2750 burn
407 2675 538 2752 calamo
576 2679 707 2784 pictum
750 2693 846 2769 esse,
882 2705 961 2762 non
993 2679 1090 2787 typis
1148 2673 1367 2766 Scltttltzius‚
1396 2681 1458 2787 qui
1487 2681 1640 2762 criticam
1670 2707 1710 2760 ac
1738 2680 1850 2758 fusam
1881 2677 1947 2780 ho·

293 2813 516 2897 expressum,
543 2789 635 2879 hoc,
662 2792 689 2868 si
719 2818 839 2874 terum
868 2792 1008 2900 quidem
1040 2817 1090 2870 est

292 2903 406 2996 (nam
436 2928 469 2979 et
500 2903 671 3011 impressis
712 2875 834 2984 litteris
863 2905 995 2984 calamo
1023 2933 1091 2983 su-

295 3015 474 3124 perinduci
515 3019 629 3125 potuit
664 3018 761 3098 color
806 3045 876 3097 tam
906 3022 1090 3127 apposite,

292 3155 330 3206 ut
361 3130 472 3235 pictae
509 3131 748 3230 rideantur),
792 3133 908 3212 solum
949 3135 1091 3211 Beroli-

291 3269 396 3320 nense
425 3246 602 3352 exemplar
629 3245 796 3352 respicit,
850 3247 940 3324 uude
970 3249 1089 3326 hausta

294 3357 499 3464 descriptio.
544 3365 630 3435 Nam
663 3361 753 3437 varia
794 3388 883 3468 quae
911 3359 1004 3468 apud
1035 3388 1091 3438 me

292 3496 436 3560 extant,
476 3472 593 3549 omnia
635 3474 777 3552 initialia
824 3473 880 3552 illa
922 3475 1091 3552 librorum

293 3609 426 3694 praeter
473 3587 744 3665 pentateuchum
786 3589 892 3666 rerba
939 3589 1088 3668 referunt

290 3697 502 3806 apertissime
540 3701 636 3808 typis
664 3727 818 3790 exarata.

376 3810 496 3912 Qualis
532 3837 648 3889 autem
687 3840 904 3922 quantusque
935 3814 977 3893 sit
1006 3843 1086 3893 cum

292 3922 366 4001 aliis
395 3924 603 4002 editionibus
632 3927 704 4002 sive
730 3929 904 4032 antiquis,
942 3929 1014 4004 sive
1037 3957 1088 4006 re-

290 4036 501 4114 centioribus
539 4062 733 4117 nostrornm
771 4039 962 4117 Bibliorum
1000 4069 1088 4119 con-

291 4175 409 4228 sensus
437 4151 493 4228 rel
538 4151 735 4256 dissepsus,
774 4179 818 4230 ex
855 4153 951 4230 nullo
992 4154 1086 4231 fonte

291 4266 412 4340 melius
458 4269 527 4370 jam
569 4267 725 4360 eruitur,
768 4293 871 4374 quam
910 4292 954 4342 ex
995 4267 1087 4345 edita

289 4403 401 4454 nostra
432 4373 598 4454 variarum
640 4381 842 4456 Lectionum
882 4379 1087 4470 collatione,

291 4517 336 4567 err
365 4517 433 4599 qua
462 4516 593 4568 constat
622 4495 726 4570 etiam
754 4521 861 4600 quam
891 4492 1014 4570 falsum
1046 4496 1088 4572 sit

290 4603 457 4710 judicium
486 4605 582 4712 quod
611 4605 656 4683 de
687 4633 804 4684 nostro
836 4607 903 4683 hoc
929 4609 1087 4686 Brittiett-

291 4718 319 4794 si
349 4718 468 4794 codice
513 4720 591 4796 tulit
631 4721 773 4827 Opitius
815 4723 848 4798 in
881 4721 1090 4829 praefatione

290 4831 332 4908 acl
372 4831 480 4908 Biblia
524 4834 748 4922 Kiloncnsia‚
787 4835 988 4930 scribens„
1017 4843 1092 4938 ejus

290 4969 424 5022 secutas
466 4973 538 5024 esse
585 4947 767 5024 lectionem
811 4947 977 5025 editiones
1021 4937 1106 5026 fere‘

291 5083 431 5150 omncs,
474 5058 646 5167 quotquot
686 5059 968 5170 Bombergianam
999 5061 1091 5144 illam

286 5200 305 5250 a
338 5179 378 5248 R.
408 5173 545 5278 Chaijm
568 5201 753 5252 correctam
773 5201 1024 5282 praecesserunt
1047 5231 1090 5269 „.

1149 2803 1225 2866 'rum
1266 2791 1477 2882 Bibliorum,
1517 2819 1607 2901 quae
1648 2819 1693 2870 ex
1735 2793 1949 2905 typographi

1149 2903 1288 2980 nomine
1318 2908 1529 2984 Gersoniana
1559 2908 1631 2985 fere
1660 2933 1795 3018 semper
1825 2928 1950 2994 vocat,

1148 3020 1380 3095 recensionem
1411 3021 1519 3097 edidit
1549 3023 1585 3099 in
1615 3049 1720 3128 opere
1751 3022 1949 3128 germanice

1148 3129 1313 3238 inscripto
1351 3133 1462 3212 „aaut
1506 3129 1585 3213 tt'ltt
1627 3139 1675 3212 ott
1720 3131 1952 3234 gtndpnlltput

1148 3254 1316 3348 llulqobttt
1342 3265 1391 3329 oet
1419 3255 1628 3351 deltalstqtn
1653 3246 1786 3333 tortu.
1819 3271 1859 3321 ²0
1888 3251 1951 3322 Be·

1148 3357 1247 3434 rolini
1276 3359 1371 3436 edito
1400 3387 1454 3438 an.
1500 3361 1605 3456 ¹754
1635 3385 1669 3436 et
1708 3361 1837 3460 1766,
1864 3359 1948 3464 qui-

1147 3497 1216 3576 que
1244 3499 1382 3549 summo
1412 3475 1445 3551 in
1476 3474 1657 3550 custodio
1686 3501 1726 3550 ac
1748 3472 1865 3548 labore
1896 3475 1947 3547 in-

1146 3583 1312 3690 quisirit,
1356 3588 1443 3666 inter
1485 3588 1673 3695 permultas
1712 3611 1810 3664 veras
1840 3585 1949 3662 varias

1146 3699 1308 3776 lectiones
1349 3703 1527 3806 permultis
1566 3702 1623 3778 illa
1664 3703 1782 3778 erratis
1818 3725 1944 3776 scatere

1146 3813 1292 3922 ingenue
1337 3813 1483 3905 fatetur,
1515 3841 1684 3923 ,qnorum
1739 3814 1945 3922 amplissima

1146 3928 1275 4035 profert
1316 3931 1499 4036 exempla.
1546 3935 1680 4005 Horum
1726 3956 1793 4005 non
1834 3953 1943 4034 pauca

1144 4067 1180 4120 et
1209 4066 1271 4116 nos
1308 4041 1457 4120 vidimus
1496 4069 1536 4118 ac
1576 4043 1792 4132 notavimus,
1832 4069 1943 4149 quum

1145 4157 1200 4232 illa
1229 4152 1463 4230 contulimus.
1503 4161 1602 4255 Quae
1630 4157 1656 4230 si
1687 4155 1846 4250 editionis
1884 4182 1945 4231 no·

1145 4293 1233 4346 strae
1272 4265 1428 4378 dignitati
1458 4293 1495 4344 ac
1536 4269 1648 4374 pretio
1678 4268 1862 4376 paullisper
1890 4259 1972 4342 of-'

1145 4383 1285 4467 ficiunt,
1315 4404 1404 4456 tanta
1434 4406 1484 4457 est
1523 4381 1660 4457 aliunde
1704 4381 1737 4456 in
1768 4405 1808 4456 ea
1837 4381 1944 4454 varia-

1145 4523 1224 4574 tum
1253 4492 1439 4572 lectionum
1482 4496 1601 4602 copia,
1640 4521 1680 4570 ac
1710 4494 1944 4604 praestantia,

1147 4637 1286 4715 tamque
1317 4607 1429 4684 varius
1468 4635 1507 4686 ac
1547 4607 1729 4718 multiplex
1770 4635 1873 4696 usus,
1905 4632 1943 4685 ut

1148 4723 1196 4799 ol)
1225 4724 1293 4798 hoc
1323 4749 1430 4798 unum
1461 4723 1699 4830 pretiosissima
1727 4721 1851 4800 debeat
1882 4720 1941 4800 ha·

1150 4837 1250 4914 beri.

1233 4955 1341 5026 Tanta
1373 4973 1513 5058 quoque
1543 4975 1681 5054 tamque
1720 4949 1862 5056 insignis
1890 4971 1942 5026 est

1148 5063 1287 5152 raritas,
1317 5087 1355 5140 ut
1390 5067 1478 5140 inter
1508 5066 1690 5172 praecipua
1718 5063 1942 5139 bibliotheca-

1149 5205 1225 5256 rum
1256 5179 1392 5255 cimelia
1420 5181 1463 5254 sit
1493 5177 1722 5254 numeranda.
1752 5175 1942 5254 cardinalis

287 5289 352 5362 Cui
381 5289 490 5392 Opitii
529 5289 659 5392 jndicio
684 5291 805 5366 'nimis
838 5289 997 5366 detulisse
1038 5291 1092 5364 vi·
1148 5290 1327 5390 Quirinius
1357 5292 1442 5397 patri
1483 5290 1617 5367 decoris
1648 5291 1777 5366 vindex
1806 5295 1940 5368 acerri-

288 5399 395 5475 detur
430 5397 646 5478 doctissimus
674 5403 898 5491 Eicltornius‚
926 5403 986 5510 qui
1016 5403 1092 5478 Bri·
1149 5431 1227 5480 mus
1256 5405 1432 5482 multoties
1461 5405 1494 5479 in
1524 5406 1593 5480 suis
1622 5403 1784 5508 operibus
1812 5403 1856 5480 de
1877 5429 1944 5480 uo-

295 5514 451 5590 tiensem
497 5538 672 5622 tamquam
715 5517 932 5625 sequentinm
981 5515 1091 5594 basim
1148 5541 1217 5596 stra
1246 5518 1310 5596 hac
1335 5518 1705 5626 editionegloriatur,
1732 5543 1841 5625 eaque
1871 5517 1941 5618 uti,
