5146 7094
784 715 1480 794 PARSSECUNDA
1889 739 1958 817 ψ

314 915 355 969 ut
385 892 419 967 itt
447 886 706 976 Pentateucho,
743 886 848 964 habet
877 891 991 968 tumen
1023 916 1113 966 nou·
1170 899 1282 970 Moris
1312 899 1371 970 beu
1401 897 1579 979 Maitubrt,
1609 904 1709 994 cujus
1737 901 1895 968 memorie
1922 903 1968 970 st't

312 1005 449 1092 nullus,
485 1031 525 1079 ac
553 1002 635 1079 Keri
674 1003 879 1110 plerumque
908 1007 944 1081 in
975 1029 1110 1082 textum
1168 1019 1202 1082 itt
1233 1014 1475 1097 benedictione,
1501 1007 1651 1112 alboque
1681 1004 1765 1082 folio
1795 1007 1890 1110 quod
1921 1005 1965 1082 ad

305 1117 423 1226 ipsum
452 1142 629 1223 receptum
660 1118 888 1224 conspicitur.
1167 1117 1354 1197 editionem
1385 1121 1492 1226 ipsam
1521 1145 1675 1226 spectare
1705 1141 1823 1194 monet
1842 1119 1964 1224 prima

648 1221 768 1362 xli
1151 1233 1360 1342 signatura,
1387 1259 1427 1308 ac
1455 1259 1626 1309 summunt
1656 1233 1793 1310 conficit
1814 1231 1875 1308 fol.
1898 1259 1967 1332 47.

1166 1347 1352 1424 Miscuicus
1405 1371 1521 1424 textus
1565 1347 1760 1424 charactere
1805 1371 1966 1424 exaratus

393 1463 501 1536 Pirlre
537 1457 638 1532 uvdtit
677 1484 734 1535 seu
779 1463 935 1553 capitula
970 1484 1108 1554 patrum
1163 1488 1215 1538 est
1243 1458 1434 1566 quadram,
1466 1462 1744 1538 Commentarius
1772 1462 1834 1564 qui
1863 1460 1967 1540 cuili-

304 1600 380 1649 cttrtt
411 1581 655 1650 Commentario
692 1577 739 1646 tt.
769 1578 882 1648 Mnus
922 1577 1110 1648 Maiutortt'·
1166 1567 1226 1652 bet
1254 1581 1327 1679 ejus
1364 1575 1504 1650 sectioni
1535 1573 1736 1674 subjicitur,
1763 1572 1969 1662 rabbiuieo,

305 1691 358 1762 dis
380 1689 570 1762 aSamueie
591 1689 674 1760 uben
701 1689 830 1760 Ttbbdrt
851 1689 998 1758 hebraice
1017 1711 1106 1760 trau·
1162 1687 1287 1764 eodem
1318 1711 1467 1794 utroque
1510 1715 1589 1764 cum
1620 1713 1663 1764 eo
1702 1713 1774 1793 quo
1814 1685 1887 1764 bitti
1917 1687 1966 1764 illi

305 1806 421 1888 sicto,
463 1809 496 1874 iu
527 1830 564 1894 4.
602 1809 680 1872 mitt.
716 1808 786 1876 sitte
815 1825 901 1872 aurio
945 1825 978 1873 et
1004 1805 1103 1886 loco,
1162 1804 1387 1878 Sonciuntum
1415 1801 1492 1877 libri
1517 1826 1596 1878 suut
1617 1802 1790 1906 expressi.
1826 1791 1998 1876 Adcal-'

260 1937 263 1942 ·
304 1919 363 1989 sed
392 1919 529 1990 Souet'ttt‘
557 1921 642 1986 ct‘rctt
672 1939 794 1990 anuum
811 1931 1108 1988 Mccccnxxmt'
1160 1941 1237 1992 cern
1266 1915 1352 1990 haec
1391 1940 1527 1991 tanturn
1568 1914 1753 2022 leguntur:
1798 1910 1863 1988 bzrt
1895 1937 1966 1990 :ut

305 2033 359 2102 vel
386 2043 680 2101 mcccctxxxr.
1161 2027 1260 2112 :siut
1289 2025 1349 2104 lul
1377 2025 1473 2106 niun
1513 2026 1633 2108 :irunt
1662 2034 1803 2104 Finitus
1831 2053 1882 2103 est
1912 2056 1965 2102 ru-

342 2139 348 2150 '
392 2140 526 2248 Dignus
554 2163 625 2214 erat
666 2164 746 2214 saue
775 2134 1016 2214 celeberrimus
1046 2135 1103 2213 hic
1161 2170 1215 2220 rus
1244 2148 1328 2217 liber
1355 2168 1387 2216 er
1412 2147 1603 2240 perfectus,
1631 2149 1706 2218 laur
1735 2146 1817 2218 Deo
1845 2147 1965 2218 seculi.

305 2249 493 2329 Miscuicus
523 2275 705 2344 tractatus,
732 2252 873 2356 optimis
914 2252 1104 2329 vetustissi-
1160 2259 1195 2334 Si
1226 2281 1340 2334 nostra
1368 2253 1476 2332 editio
1516 2253 1644 2359 prodiit
1679 2281 1799 2332 revera
1820 2252 1964 2330 'alteru-

304 2391 442 2442 ntorum
486 2388 683 2472 synagogae
724 2363 909 2442 doctorum
953 2392 993 2442 ac
1039 2391 1106 2471 pa·
1160 2395 1217 2445 tto
1245 2395 1291 2446 err
1319 2367 1456 2445 duobus
1493 2367 1558 2446 illis
1585 2367 1705 2454 anuis,
1735 2393 1810 2444 tum
1841 2369 1959 2474 paullo

304 2501 397 2556 trum
435 2479 611 2555 sententiis
642 2476 855 2583 plenissimus
884 2504 918 2554 er
949 2478 983 2552 itt
1014 2477 1103 2551 mul·
1162 2485 1253 2589 prior
1281 2469 1392 2559 aetite
1426 2481 1491 2558 erit
1519 2483 1625 2558 altera
1664 2481 1850 2558 Machczbr
1881 2483 1964 2559 anni

304 2615 354 2666 tas
383 2593 517 2700 linguas
564 2591 764 2679 translatus,
803 2615 838 2668 et
867 2616 887 2669 a
917 2591 1038 2668 multis
1065 2589 1104 2664 il·
1170 2598 1271 2692 1486
1294 2621 1328 2672 et
1346 2594 1449 2698 hujus
1478 2594 1555 2671 libri
1585 2597 1743 2672 omniurn
1774 2594 1966 2704 princeps,

303 2705 493 2794 lustratus,
536 2731 643 2811 quem
683 2707 777 2812 typis
816 2703 884 2782 suis
925 2705 989 2780 sub
1031 2703 1102 2809 ipsa
1160 2708 1317 2816 luctuque
1356 2708 1533 2814 utriusque
1562 2708 1769 2797 collatione,
1810 2707 1962 2785 observo

302 2845 435 2896 erectae
465 2817 719 2926 typographiae
757 2818 902 2896 exordis
940 2817 1102 2895 Souciun·
1160 2849 1218 2900 eas
1264 2819 1436 2900 interdum
1477 2824 1565 2897 iuter
1592 2849 1630 2899 se
1669 2821 1884 2927 discrepare,
1916 2821 1964 2898 ita

302 2945 355 3010 'tes
377 2931 643 3010 describendum
670 2932 904 3038 susciperent.
934 2937 1102 3008 Fecerunt
1161 2959 1199 3012 ut
1231 2961 1298 3012 una
1326 2960 1371 3015 ex
1400 2933 1465 3010 alia
1507 2933 1577 3010 dici
1608 2959 1756 3039 nequeat
1791 2932 1964 3038 deprom-

303 3073 421 3122 autem
453 3045 486 3122 id
517 3073 585 3122 nott
628 3049 734 3122 modo
762 3049 796 3120 itt
826 3045 1011 3122 Machazor
1040 3068 1102 3120 seu
1160 3075 1237 3156 pta.
1265 3053 1350 3154 Cap.
1379 3053 1394 3123 1
1421 3049 1455 3142 S.
1484 3047 1555 3123 'vrtt
1584 3068 1650 3140 ptri
1677 3045 1769 3134 bna,
1801 3071 1838 3123 ut
1865 3073 1967 3122 cotn-

302 3160 516 3263 judaicarum
548 3185 689 3267 precum
720 3159 937 3264 Compettdio
967 3157 1103 3264 plenio-
1159 3161 1443 3246 ministerus,
1473 3162 1557 3268 legit
1586 3158 1805 3238 Soucinensis
1843 3162 1967 3256 1485,

303 3298 341 3349 re
369 3301 461 3350 anuo
510 3275 613 3370 1486
644 3299 663 3348 tt
691 3300 728 3349 se
756 3273 876 3360 editu,
906 3269 964 3348 ubi
997 3272 1024 3347 is
1052 3269 1103 3345 lo-
1158 3299 1274 3354 trustra
1301 3277 1341 3350 itt
1381 3274 1468 3380 plur.
1497 3291 1610 3366 murt,
1648 3297 1684 3348 et
1723 3275 1757 3368 S.
1788 3296 1871 3349 xvtt
1903 3272 1962 3351 illa

303 3414 385 3463 eum
414 3411 586 3493 occupat,
629 3384 689 3477 sed
717 3409 753 3461 et
794 3387 935 3463 seorsim
981 3383 1103 3461 minori
1159 3409 1288 3484 uprtuo
1315 3410 1373 3466 rto*
1401 3385 1473 3488 nuh
1500 3409 1610 3466 *nuso
1640 3377 1692 3462 uit
1726 3391 1879 3486 nihilque
1912 3414 1963 3462 η.

304 3501 369 3578 hac
398 3499 573 3578 sormuet
603 3497 784 3589 editione,
821 3499 921 3576 nobis
950 3498 1037 3574 olim
1064 3523 1103 3572 ac
1156 3512 1231 3599 pert·
1270 3512 1399 3599 corpori·
1434 3507 1606 3596 pulchrius
1646 3491 1818 3588 silentio,
1848 3525 1963 3577 nostra

217 3595 230 3612 '
304 3613 557 3723 bibliographis
585 3612 748 3691 omuibus
776 3613 1016 3721 ignotissima,
1042 3609 1103 3686 sed
1159 3637 1299 3710 nptttutn
1328 3635 1385 3691 :tn
1423 3624 1540 3694 melius
1568 3620 1728 3700 sr'letttt'o,
1763 3617 1964 3692 communis

304 3733 403 3830 cujus
439 3725 519 3802 bina
559 3725 722 3833 deinceps
759 3726 953 3802 deteximus
981 3750 1104 3802 exent-
1160 3749 1272 3824 uptun
1301 3725 1367 3806 tritt
1394 3747 1478 3804 nztn
1518 3731 1642 3804 bouum
1670 3737 1736 3804 ut'st'
1764 3733 1962 3804 silentium.

305 3840 380 3950 plu.
426 3839 507 3917 Vidi
539 3863 655 3946 postea
684 3840 787 3914 etiam
829 3839 864 3914 itt
892 3837 1104 3914 bibliotheca
1518 3901 1553 3972 X
1571 3901 1603 3972 X

304 3951 552 4064 Propagandae
590 3977 624 4028 et
654 3953 688 4026 in
729 3951 941 4058 Seligmauui
969 3949 1106 4027 Catalo·

301 4093 352 4175 go
382 4091 536 4144 notatam
568 4065 628 4142 fol.
661 4065 733 4164 36,
763 4065 822 4142 ubi
851 4089 967 4171 aperte
988 4087 1024 4140 et
1045 4061 1102 4138 ab·
1249 4070 1436 4162 Prophetae
1470 4075 1695 4164 posteriores,
1726 4072 1853 4144 scillcet
1882 4075 1960 4144 Ita·

305 4179 417 4258 solute
446 4205 557 4256 annus
590 4201 692 4274 245,
730 4203 792 4255 seu
828 4179 930 4274 1485
962 4176 993 4251 ei
1024 4175 1102 4252 ussi·
1159 4187 1236 4268 iar,
1266 4185 1451 4267 Ieremias,
1479 4183 1633 4276 Ezechiel
1661 4203 1693 4251 et
1724 4197 1790 4252 xrr
1816 4191 1959 4257 minoret

302 4319 455 4406 guntur,
495 4314 540 4370 ex
569 4317 661 4368 mera
700 4289 843 4396 quidem
881 4293 1103 4392 conjectura,
1158 4301 1230 4367 tine
1253 4302 1388 4388 punctis
1418 4319 1492 4366 cum
1523 4299 1766 4369 commentario
1802 4299 1849 4368 tt.
1880 4299 1961 4367 Da·

299 4408 385 4514 'quiet
424 4419 532 4483 annus
571 4429 639 4480 non
683 4403 913 4512 exprimitur,
942 4401 1003 4479 sed
1033 4427 1102 4478 non
1160 4411 1218 4479 uid
1244 4407 1390 4482 Kimclti
1417 4415 1451 4479 itt
1474 4409 1541 4502 sol.
1570 4408 1692 4500 absque
1721 4430 1806 4478 anuo
1836 4430 1869 4479 et
1907 4410 1962 4478 lo-

303 4521 421 4608 inani,
450 4519 530 4626 quia
562 4515 714 4626 perfecte
742 4519 902 4625 congruit
928 4521 964 4594 itt
994 4517 1104 4593 omni·
1159 4545 1223 4606 co,
1251 4523 1311 4594 sed
1338 4525 1474 4595 Souct'rtt'
1502 4547 1556 4592 ert.
1584 4535 1878 4594 Mcccctxxxt't
1905 4523 1959 4593 uel

302 4633 369 4710 bus
397 4659 477 4711 cunt
507 4631 663 4709 Mivchitt
693 4631 895 4740 appeuiuim
924 4655 959 4709 et
984 4629 1105 4708 Bechi·
1160 4650 1488 4708 Mcccczxxxtur.

305 4745 374 4823 nid
404 4744 523 4833 olim,
561 4745 623 4851 qui
659 4771 750 4822 turno
796 4751 900 4843 1484
929 4767 964 4822 et
1000 4747 1100 4842 1485
1247 4744 1316 4824 Virt
1362 4744 1497 4822 excusis
1539 4743 1711 4849 prioribus
1753 4741 1961 4850 Prophetis,

307 4859 446 4938 Sontini
477 4857 702 4967 prodierunt.
740 4858 867 4965 lucipit
906 4859 952 4936 ab
991 4859 1105 4934 inter·
1160 4855 1205 4934 ud
1235 4857 1438 4965 posteriores
1474 4860 1589 4932 statim
1620 4861 1773 4934 animum
1802 4879 1838 4934 et
1867 4879 1959 4961 ope-

298 4975 410 5080 ‘pteris
451 4974 624 5050 Samuelis
652 4972 741 5049 aben
785 4969 930 5050 Tibbon
967 4971 1106 5080 praela·
1161 4997 1233 5047 tam
1280 4995 1522 5050 converterunt
1566 4973 1791 5048 Soncinates·
1836 4975 1959 5047 Annus

303 5089 422 5177 tione,
446 5086 640 5195 praeposito
663 5085 764 5162 titulo
792 5107 878 5163 tuns
905 5108 1004 5164 otuu
1036 5081 1106 5163 ‘tun
1159 5082 1303 5190 quidem
1333 5081 1492 5162 deesset
1521 5083 1638 5170 locus,
1666 5083 1724 5160 sed
1755 5085 1802 5159 ita
1831 5107 1960 5158 coure-

304 5215 336 5290 κ]
365 5213 446 5278 nub
477 5221 543 5278 unt
571 5221 636 5278 rut
663 5223 748 5279 tino
773 5220 906 5297 puriori
929 5198 1022 5278 butu
1048 5196 1106 5276 rh
1161 5198 1261 5274 niuut
1289 5196 1420 5300 forma,
1463 5197 1606 5286 charta,
1646 5197 1841 5272 charactere
1884 5219 1959 5270 tum

303 5311 345 5388 'tu
375 5337 459 5406 poto
490 5321 751 5393 Commentarius
793 5323 942 5391 miseriti
981 5337 1103 5389 tractu·
1159 5311 1327 5418 quadrato
1351 5333 1573 5419 quoconstat
1602 5330 1693 5384 sacer
1724 5333 1859 5398 textus,
1882 5331 1958 5384 tunt

304 5449 362 5500 tus
391 5432 507 5502 Audiit
535 5435 653 5502 extruit·
673 5455 706 5506 et
745 5433 1012 5504 excellentissimi
1031 5429 1105 5501 reb-
1161 5423 1364 5517 rabbinico,
1393 5449 1464 5530 quo
1492 5421 1790 5512 Commentarius,
1818 5423 1854 5497 itt
1883 5447 1959 5494 oru-

306 5540 376 5614 lu’ur'
389 5591 403 5628 ,
433 5545 579 5618 doctoris
599 5567 638 5616 ae
654 5549 876 5639 praeceptoris
904 5550 1037 5633 ueteri,
1056 5546 1104 5618 tt.
1161 5536 1266 5617 nibus
1301 5563 1371 5614 uno
1406 5535 1512 5616 serbo
1550 5535 1753 5644 posteriores
1796 5533 1834 5610 lti
1875 5557 1957 5612 eum
