5222 7090
670 713 752 771 nr
939 640 946 650 ⁸
1083 697 1444 817 bissena-Ario
1496 697 1932 772 PRAELIMINAnrs

672 861 732 956 V.
774 862 917 963 Wolf.
951 825 1053 960 tom.
1090 901 1136 962 tv
1170 901 1266 992 pag·
1304 892 1385 990 531
1425 903 1467 968 et
1526 865 1688 960 scilicet
1719 867 1993 993 Spirensem,
2037 865 2250 985 referunt,
2283 899 2326 964 et

668 996 898 1092 Avrivillii
921 994 1133 1089 Biblioth.
1161 995 1301 1090 secnl
1325 1034 1367 1126 p.
1392 1003 1466 1094 61.
1528 1000 1572 1086 in
1607 997 1673 1087 ed.
1706 997 1867 1088 codicis
1908 993 2120 1088 Beracbth
2170 995 2326 1090 Sonci-

959 1189 1000 1314 5
1055 1221 1179 1281 xm
1523 1128 1707 1218 natensis
1731 1159 1797 1216 an.
1836 1119 1959 1241 1484
1985 1153 2149 1232 curata,
2181 1129 2326 1254 appel·

1521 1253 1633 1346 latur
1660 1251 1841 1348 Gabriel
1861 1255 1946 1346 ben
1980 1255 2129 1344 Aaron
2151 1281 2319 1340 1113111111

668 1357 772 1429 Hebe.
814 1363 1055 1492 typographiae
1092 1364 1230 1494 originis
1271 1365 1348 1438 laur
1385 1391 1466 1474 aum
1520 1382 1770 1508 strasburg,
1800 1383 1910 1476 idest
1933 1383 2321 1508 ArgentoratenslS.

752 1473 875 1544 ltaliae
903 1495 946 1543 an
976 1475 1174 1544 Germaniae
1203 1476 1382 1549 debeatur?
1521 1505 1636 1602 vide
1670 1514 1758 1605 vol·
1801 1543 1829 1602 Η
1865 1543 1961 1636 pag·
1997 1535 2084 1630 941
2124 1539 2167 1602 et
2204 1538 2322 1634 957·

766 1638 848 1729 Sed
885 1673 1017 1762 pauca
1050 1675 1098 1732 ea
1132 1643 1263 1736 verba
1296 1645 1367 1736 vel
1400 1647 1464 1738 al·
1521 1636 1673 1767 ltaque
1727 1640 1956 1732 verisimile
2007 1642 2189 1730 omnino
2238 1671 2322 1756 est,

669 1766 847 1890 phabeti
881 1770 1044 1861 litterae
1079 1803 1159 1894 pro
1191 1772 1375 1897 quodam
1397 1805 1464 1902 ty·
1519 1765 1708 1862 ludaeos
1735 1797 1833 1860 ortu
1864 1767 2105 1858 Germanos
2127 1772 2226 1860 artis
2248 1771 2324 1862 hu·
2356 1847 2360 1854 .

668 1931 818 2018 porum
861 1901 1089 2020 specimine
1123 1931 1261 2024 eoque
1300 1904 1463 2027 imper·
1520 1901 1583 2019 jus
1617 1901 1800 1988 rationes
1833 1923 1876 1987 et
1910 1929 2029 1986 usum
2064 1899 2110 1986 in
2146 1896 2245 1988 heb.
2268 1899 2324 1990 li-

670 2021 786 2114 fecto
837 2022 985 2114 haberi
1034 2025 1207 2152 quidem
1261 2058 1463 2152 possunt,
1519 2024 1607 2115 bris
1638 2023 1927 2117 exscribendis
1958 2057 2096 2114 secum
2124 2059 2177 2116 ex
2208 2023 2323 2118 Ger·

669 2187 748 2276 pro
772 2157 904 2276 prima
925 2151 1024 2244 heb.
1043 2157 1355 2282 typographiae
1374 2163 1462 2250 ori·
1518 2155 1652 2244 mania
1675 2156 1719 2242 in
1750 2151 1916 2244 Italiam
1949 2179 2203 2276 asportasse.
2237 2157 2321 2246 Ac-

667 2283 767 2406 gine
813 2283 1036 2406 primoque
1079 2287 1167 2404 ejus
1209 2280 1330 2376 foetu
1371 2319 1460 2378 non
1517 2280 1629 2373 cedit
1662 2283 1703 2370 in
1727 2277 1953 2373 Germania
1973 2279 2107 2372 libros
2130 2315 2217 2374 esse
2244 2317 2323 2374 ex-

667 2435 872 2532 possunt,
897 2413 1040 2533 sicque
1072 2410 1310 2504 habuerunt
1343 2413 1459 2506 docti
1516 2441 1660 2520 casos,
1692 2409 1791 2500 heb
1822 2407 2036 2500 literarum
2071 2407 2223 2501 formas
2252 2445 2319 2502 re·

536 2580 539 2586 v
625 2575 632 2586 ’
667 2569 811 2626 omnes
857 2542 933 2660 qui
976 2573 1134 2628 summa
1184 2545 1459 2636 consensione
1516 2533 1720 2646 ferentes,
1742 2565 1838 2628 ante
1873 2540 1989 2628 illam
2025 2565 2199 2630 aetatem
2233 2575 2319 2666 qua

666 2666 777 2756 hanc
824 2661 974 2756 Italiae
1021 2667 1189 2757 laudem
1242 2701 1460 2762 concesse·
1517 2668 1561 2753 in
1610 2665 1733 2758 Italia
1777 2667 1878 2758 heb.
1916 2667 2050 2759 libros
2095 2657 2318 2792 impressos

667 2797 791 2884 runt.
825 2793 949 2886 Unus
970 2796 1460 2920 excipiendusestWol-
1515 2825 1605 2884 csse
1638 2793 1766 2910 modo
1799 2795 2110 2886 intelleximus.
2158 2793 2316 2886 Habeo

667 2917 774 3032 lius,
807 2925 891 3044 qui
931 2919 1172 3049 Eslingensi
1214 2927 1292 3015 illo
1335 2923 1457 3052 Nigri
1515 2926 1626 3012 enim
1678 2924 1722 3010 in
1777 2923 1969 3014 manibus
2024 2921 2136 3014 Petri
2190 2923 2319 3048 Nigri

666 3049 868 3142 Tractatu
902 3055 1055 3160 utitur,
1089 3080 1136 3142 ut
1154 3053 1350 3144 ostendat
1369 3089 1457 3146 eam
1516 3045 1657 3140 Tract.
1702 3078 1848 3141 contra
1899 3049 2091 3176 perfidos
2129 3049 2316 3146 ludaeos

668 3174 1462 3272 deberiGermaniae.Refercnsenim
1518 3172 1716 3300 Eslingae
1767 3202 1881 3296 1475
1927 3205 1972 3293 4·
2016 3185 2160 3308 majori
2202 3180 2224 3311 (
2254 3209 2316 3273 est

669 3334 847 3396 tom.1v
882 3337 922 3428 p.
954 3329 1050 3423 450
1085 3307 1233 3415 verba,
1255 3343 1365 3434 qaae
1386 3345 1462 3402 ve·
1519 3308 1558 3394 in
1594 3302 1671 3396 fol.
1706 3306 1894 3436 minori)
1928 3309 2112 3420 editum,
2146 3314 2315 3439 inquo

668 3436 824 3524 tissime
866 3435 911 3522 in
955 3434 1065 3526 hanc
1109 3469 1194 3526 rem
1239 3441 1459 3562 scripserat
1518 3433 1725 3526 nonnulla
1766 3435 1865 3526 heb.
1917 3432 2062 3528 formis
2102 3437 2313 3564 descripta

670 3559 952 3672 Maittairius,
985 3628 1017 3675 „
1036 3561 1184 3655 ltaliae
1201 3569 1350 3657 merito
1370 3600 1461 3692 gra·
1515 3560 1603 3685 legi
1637 3567 1726 3653 vol.
1759 3595 1790 3654 11
1816 3596 1857 3688 p.
1892 3587 2007 3681 1115
2030 3567 2316 3660 ostendimus.

670 3686 894 3779 rolandum
934 3725 1053 3794 esse,
1089 3691 1207 3815 quod
1250 3693 1339 3784 illic
1373 3699 1458 3818 pri·
1514 3686 1609 3783 Jarn
1637 3725 1740 3782 vero
1760 3692 2129 3800 nullushactenus
2161 3695 2313 3788 allatus

670 3850 783 3908 mum
815 3846 858 3906 et
891 3853 1037 3943 graeca
1081 3848 1123 3909 et
1156 3820 1357 3934 hebraea,
1397 3825 1459 3912 uti
1515 3845 1578 3910 est
1598 3819 1707 3910 liber
1738 3820 1837 3912 heb.
1863 3824 1909 3912 in
1929 3818 2053 3914 ltalia
2074 3827 2314 3949 impressus,

669 3975 809 4035 ortum
844 3947 1016 4054 habuit,
1050 3951 1107 4039 ita
1140 3948 1340 4076 deinceps
1375 3983 1460 4068 rna-7
1515 3950 1594 4072 qui
1625 3981 1690 4039 an.
1722 3947 1827 4038 Chr.
1868 3971 1985 4069 1475
2025 3953 2246 4044 antecedat
2266 4015 2314 4062 „.

666 4077 778 4162 xime
821 4074 1061 4166 inclaruerit
1103 4080 1390 4206 typographia
1431 4143 1462 4190 „

669 4269 698 4308 „
729 4199 822 4293 Nec
861 4203 946 4294 dici
994 4233 1160 4328 potest,
1198 4206 1364 4319 subdit,
1414 4212 1460 4296 in
1816 4143 1857 4271 δ’
1886 4179 2016 4324 ,ΧΠ

664 4327 788 4420 Italia
808 4333 987 4455 Primum
1007 4333 1105 4422 heb·
1127 4363 1299 4460 typogr·
1318 4360 1457 4425 ortum
1621 4315 1736 4407 Woifir‘
1763 4337 1928 4388 momenta
1953 4321 2207 4388 examinantur.

665 4457 889 4549 habuisse·
923 4525 934 4548 .
969 4525 980 4548 .
1013 4525 1025 4550 .
1061 4459 1178 4550 Mihi
1211 4461 1384 4586 quidem
1408 4487 1456 4553 ut
1609 4454 1674 4542 At
1707 4447 1837 4542 facile¹
1865 4477 1908 4542 et
1940 4455 2085 4576 paucis
2116 4453 2221 4546 haec
2253 4487 2315 4559 ref

664 4587 868 4676 inventae
912 4589 1224 4714 typographiae
1269 4592 1458 4713 origines
1512 4571 1639 4670 futarl
1670 4605 1857 4704 queunt·
1902 4577 2148 4672 Sossclnates
2191 4609 2312 4686 erant

663 4712 924 4806 Germaniae
944 4742 1108 4806 nostrae
1130 4719 1173 4805 in
1191 4719 1457 4821 universum,
1511 4706 1687 4830 quidem
1720 4739 1774 4797 ex
1809 4709 1932 4832 Spita
1963 4710 2135 4800 oriundi
2160 4735 2209 4802 et
2233 4713 2315 4802 ori·

665 4844 724 4932 ita
754 4840 977 4934 hebraicae
995 4847 1209 4965 speciatim
1229 4842 1375 4934 deberi
1396 4846 1456 4933 vi·
1514 4838 1614 4958 gine
1648 4833 1877 4945 Germani,
1908 4837 1982 4928 sed
2016 4837 2091 4928 diu
2126 4867 2223 4930 ante
2244 4842 2313 4928 in·

665 4970 839 5060 dentur.
862 4967 972 5062 Nam
994 4973 1075 5095 ipsi
1097 4972 1162 5061 illi
1181 4969 1334 5068 ludaei
1354 4971 1458 5061 Son·
1515 4992 1689 5062 ventam=
1727 4965 2049 5094 typographiam
2098 4964 2311 5091 degebant

665 5101 821 5188 cin-ates
839 5164 857 5210 ,.
884 5101 960 5222 qui
995 5099 1066 5190 vel
1099 5103 1244 5223 primi,
1276 5097 1348 5189 vel
1369 5103 1459 5224 pri·
1515 5094 1690 5184 Sontini
1713 5121 1755 5185 et
1774 5095 1872 5186 Itali
1893 5123 2140 5188 evaserant.
2174 5092 2311 5215 Quod

665 5230 741 5317 mis
774 5229 958 5351 proximi
990 5232 1036 5318 in
1067 5225 1192 5319 Italia
1223 5227 1456 5350 periculum
1513 5247 1558 5314 et
1589 5255 1746 5314 nomen
1779 5227 1916 5348 ipsum
1947 5219 2127 5314 familiae
2156 5221 2311 5314 Sanci-

664 5385 761 5480 typ.
788 5351 887 5446 heb.
921 5352 1137 5466 fecerunt,
1168 5389 1303 5482 genus
1335 5388 1456 5445 suum
1512 5383 1662 5446 norum
1695 5351 1973 5464 demonstrat,
2006 5351 2123 5476 quod
2157 5348 2211 5441 ab
2230 5381 2313 5473 op·

664 5483 722 5578 ad
737 5481 766 5580 J
770 5483 949 5576 udaeam
969 5481 1262 5596 Germanum,
1291 5479 1459 5576 Mosen
1513 5479 1617 5608 pido
1648 5482 1744 5606 ipso
1777 5479 1906 5605 longe
1951 5506 2050 5572 ante
2082 5509 2313 5610 assumpseq
