5146 7094
620 765 673 842 94
1053 739 1422 812 annuens
1482 740 1836 812 naa-rra.

618 917 677 996 sed
708 942 742 994 et
774 915 911 1023 propria
951 939 1039 1020 quae
1079 914 1113 988 in
1144 911 1334 1022 epigraphe
1363 939 1414 990 re·
1470 915 1734 990 Commentariis
1772 913 1997 990 observatur.
2054 911 2162 1014 Quod
2192 915 2275 990 attiL

617 1032 799 1122 feruutur,
836 1033 988 1104 virorum
1031 1027 1174 1104 nomina
1212 1029 1296 1104 mire
1325 1053 1414 1103 con·
1472 1027 1602 1102 netad
1648 1025 1759 1102 Meitii
1800 1030 2129 1116 Comrneurarium‚
2169 1033 2273 1106 corti·

617 1143 765 1220 fundens
805 1169 845 1218 ac
874 1141 1106 1249 detorquens,
1146 1169 1184 1217 ac
1214 1140 1415 1218 Gersouidis
1471 1142 1604 1248 gendos
1633 1167 1706 1227 est,
1744 1165 1782 1216 ut
1811 1138 1844 1216 iu
1887 1140 2093 1248 hppeudice
2136 1145 2272 1217 mormi-

618 1258 758 1362 iusuper
807 1257 1105 1332 Commentarium
1148 1259 1312 1332 omittens
1356 1257 1415 1362 qui

618 1369 872 1448 nobilissimum
911 1369 946 1444 in
988 1393 1030 1444 ea
1075 1369 1192 1444 locum
1242 1393 1415 1475 occupat.

619 1489 671 1560 Ac
702 1483 869 1590 posterius
898 1479 1042 1588 quidem
1074 1483 1140 1558 hoc
1170 1483 1286 1558 Wolfii
1310 1484 1415 1588 ipsius

617 1596 789 1673 oblivioni
813 1594 949 1673 ridetur
968 1595 1215 1683 tribuendum,
1237 1621 1314 1670 narn
1349 1596 1416 1672 vol.

499 1699 502 1704 ¹
620 1735 662 1786 ιιι
693 1738 728 1818 p.
768 1712 848 1807 649
880 1707 1079 1808 Gersonidis
1120 1711 1415 1784 commentarium

617 1851 710 1899 anno
744 1850 846 1922 257,
876 1822 933 1898 sed
965 1823 1067 1910 loco,
1098 1823 1211 1928 inquit
1243 1825 1335 1928 ipse,
1358 1848 1417 1898 ne·

620 1941 691 2014 scio
720 1965 791 2042 quo
821 1935 953 2011 editum
991 1937 1112 2012 vidisse
1142 1962 1177 2012 se
1206 1962 1322 2042 aperte
1353 1961 1414 2012 te·-

620 2075 750 2127 statur.
796 2055 840 2124 Αι
881 2050 962 2124 rer'o
992 2051 1026 2126 in
1056 2049 1197 2157 legenda
1228 2049 1414 2156 epigraphe

622 2164 787 2272 pleraque
807 2163 959 2270 priunum
990 2163 1139 2239 virorum
1165 2163 1303 2238 uomina
1326 2165 1414 2237 omi·

620 2279 687 2366 sit,
719 2301 901 2384 propterea
931 2278 1023 2383 qnod
1058 2278 1177 2383 prioris
1197 2303 1330 2353 taurum
1350 2303 1414 2352 co-

618 2390 760 2466 lumnae
791 2417 909 2466 rersns
938 2417 996 2466 seu
1027 2390 1240 2467 hemistichia
1271 2391 1411 2497 legerit.

617 2503 753 2578 Deinde
797 2531 842 2579 ex
885 2504 1025 2580 honoris
1065 2505 1167 2580 titulo
1208 2525 1312 2580 raam
1352 2505 1413 2608 qui

616 2617 769 2694 Sarnueli
798 2622 922 2693 Dortas
953 2619 1134 2704 tribuitur,
1163 2617 1312 2692 confusis
1344 2619 1414 2722 ple-

615 2733 730 2834 risque
776 2729 899 2806 litteris
940 2731 987 2806 ob
1031 2732 1201 2806 insolitam
1244 2731 1412 2807 rabbiuici

615 2845 821 2920 characteris
852 2843 1097 2935 inflexionem,
1137 2846 1295 2921 fictitium
1327 2844 1410 2921 ilhrd

614 2956 680 3034 viri
711 2983 902 3065 cognomen
933 2958 1044 3035 effecit
1072 2980 1201 3052 asota,
1226 2956 1321 3064 quod
1352 2957 1413 3034 de·

614 3069 694 3146 iude
724 3071 932 3146 Maittairius
963 3095 1044 3147 tom.
1082 3077 1097 3147 1
1127 3096 1236 3148 novae
1265 3070 1347 3146 edit.
1378 3099 1410 3176 p.

618 3186 695 3282 645
730 3211 825 3263 novo
854 3211 968 3261 errore
1001 3186 1036 3261 in
1065 3208 1159 3263 raon
1188 3183 1410 3260 transforma-

611 3297 687 3372 vit.
728 3303 810 3398 Quo
856 3300 959 3374 eriam
989 3297 1118 3377 factum
1159 3322 1231 3386 est,
1263 3321 1299 3373 ut
1330 3324 1410 3404 pro·

611 3434 690 3519 pter
720 3411 907 3487 maximam
937 3411 1166 3516 quarumdam
1216 3401 1409 3487 litterarum

613 3523 875 3600 similitudinem
915 3525 1018 3602 verba
1063 3545 1130 3602 :n
1173 3543 1297 3618 :trapa
1341 3545 1409 3614 uu,

612 3663 735 3714 manus
766 3635 924 3714 videlicet
963 3637 1182 3744 intelligentis
1220 3639 1408 3714 Abrahami

603 3756 676 3848 filit'
704 3761 758 3826 ιιιὶ
788 3779 849 3824 acu
879 3779 916 3823 ea
953 3761 1138 3847 pinxerunt
1171 3763 1283 3846 ipsae,
1313 3752 1409 3828 Wol-

610 3863 675 3939 fius
707 3864 931 3973 neglectos:
952 3864 986 3938 iu
1018 3889 1126 3940 unum
1156 3864 1310 3971 illudque
1334 3891 1409 3942 cor·

609 4001 755 4082 ruptum
786 3975 974 4054 Abrahami
1013 4003 1204 4084 cognomen
1235 4002 1409 4075 opontpn,

606 4116 670 4166 nos
703 4117 809 4177 ver0,
838 4119 947 4196 quum
980 4092 1131 4198 primum
1164 4089 1343 4184 vidimus,
1372 4094 1407 4167 iu

606 4205 687 4281 bina
705 4227 814 4302 oporto
832 4227 920 4302 pnes:
940 4205 1243 4281 contraheremus.
1276 4212 1409 4305 Quam·

604 4319 715 4426 quam
741 4344 844 4425 porto
875 4345 919 4394 ert
944 4319 1129 4425 hispanicis
1146 4319 1323 4396 codicibus
1342 4319 1402 4424 qni

601 4461 679 4512 raro
709 4432 930 4542 discrepant,
959 4433 1080 4508 hausta
1110 4435 1155 4509 sit
1185 4460 1298 4510 nostra
1330 4435 1404 4507 edi·

602 4549 676 4634 tio,
707 4545 813 4622 habet
845 4572 961 4622 tamen
991 4573 1068 4623 suas
1090 4550 1199 4623 varias
1219 4547 1403 4634 lectiones,

602 4660 707 4737 etiam
735 4659 923 4764 singulares
952 4682 986 4734 et
1020 4660 1161 4735 unicas·
1190 4662 1300 4736 Unica
1323 4685 1402 4735 saue

601 4795 653 4852 est
682 4769 810 4862 editio,
840 4797 874 4848 et
914 4770 1083 4879 quidem,
1123 4773 1219 4878 quod
1250 4773 1400 4858 mitum,

600 4887 673 4963 sine
704 4911 803 4974 mss,
843 4912 930 4992 quae
975 4890 1074 4963 Prov.
1120 4912 1189 4964 xrrr
1244 4913 1289 4988 ¹9
1335 4912 1400 4991 pro

597 4997 731 5078 :ubba
761 5005 942 5075 stultorum
982 4999 1073 5108 legat
1113 5023 1239 5084 :suun
1281 5010 1400 5097 impio-

600 5141 697 5202 rum,
727 5137 765 5188 ut
792 5118 900 5206 Lxx,
928 5119 1039 5220 Syrus
1068 5137 1102 5190 et
1134 5115 1264 5201 Arabs,
1299 5114 1396 5189 unica

599 5255 681 5306 cum
713 5231 829 5334 paucis
855 5226 1056 5320 codicibus,
1085 5255 1174 5335 quae
1203 5227 1305 5302 aliam
1329 5233 1399 5332 Sy·

599 5341 629 5418 ri
666 5340 850 5420 lectionem
892 5365 1026 5420 tueatur
1068 5347 1152 5452 Cap.
1188 5364 1287 5418 xxrv
1322 5345 1393 5420 28.

598 5459 651 5531 Ac
681 5453 792 5533 multo
834 5459 940 5562 major
968 5455 1083 5536 adhuc
1111 5479 1163 5534 est
1192 5454 1398 5564 discrepan-

600 5567 670 5660 tia,
697 5595 786 5678 quae
828 5570 866 5650 iu
904 5569 1082 5652 chaldaica
1123 5571 1325 5680 Paraphrasi
1355 5597 1396 5650 ac

1473 1280 1573 1345 mus,
1602 1257 1645 1331 cl.
1666 1252 1860 1340 Mascbius,
1878 1256 1939 1362 qni
1967 1255 2086 1331 asserir
2107 1253 2269 1332 nibliom.

1473 1393 1554 1444 sacr.
1585 1373 1710 1443 tomi
1742 1377 1776 1473 p.
1813 1393 1882 1442 ιιι
1922 1393 2003 1443 eum
2041 1369 2194 1474 primurn
2223 1396 2270 1446 ex

1474 1507 1535 1554 ms.
1565 1483 1684 1558 codice
1716 1481 1749 1554 in
1772 1479 1889 1558 Bibliis
1920 1481 2103 1557 rabbiuicis
2127 1487 2269 1558 hmsre-

1473 1593 1728 1671 lodamensibus
1757 1619 1813 1668 au.
1841 1620 1966 1692 1724,
1988 1594 2131 1672 Keilbrh
2148 1600 2267 1672 Mos-ce
2316 1613 2330 1664 l

1474 1707 1667 1814 inscriptis,
1708 1705 1839 1783 editum
1879 1709 1999 1796 fuisse,
2042 1710 2173 1784 oblitus
2201 1736 2269 1786 eo-

1473 1847 1550 1895 rum
1579 1848 1668 1926 qnae
1697 1847 1742 1896 ex
1771 1819 1898 1896 Wolfio
1917 1849 1957 1898 ae
1975 1823 2175 1900 recensione
2206 1851 2269 1898 no·

1471 1959 1538 2009 stra
1568 1933 1612 2011 de
1642 1935 1705 2011 hac
1746 1933 1897 2012 editione
1935 1933 2160 2012 adnotaverat
2190 1964 2268 2046 pag.

1480 2073 1577 2145 ¹47·
1618 2055 1656 2124 In
1698 2047 1849 2123 eundern
1878 2073 2030 2126 errorem
2073 2049 2187 2154 lapsus
2216 2077 2268 2127 est

1470 2160 1616 2236 Wolfius
1655 2187 1739 2238 torn.
1770 2187 1810 2236 rv
1840 2187 1874 2266 p.
1919 2164 2022 2260 899,
2061 2161 2155 2239 unde
2184 2189 2265 2242 eum

1469 2273 1701 2381 proculdubio
1720 2274 1895 2354 hlaschius
1916 2275 2047 2351 hausit.
2080 2281 2265 2354 Extremae

1469 2386 1614 2464 raritatis
1643 2415 1693 2466 est
1732 2389 1863 2481 editio,
1901 2415 1941 2466 ac
1972 2413 2083 2465 tantae
2118 2387 2263 2495 quidem

1470 2528 1507 2578 ut
1536 2527 1611 2577 earn
1642 2528 1835 2578 memorans
1866 2503 2093 2580 Kennicottns
2125 2505 2158 2578 in
2189 2509 2264 2582 Sta·

1471 2640 1507 2692 ru
1537 2616 1727 2694 collationis
1756 2617 1835 2690 anni
1873 2617 2001 2715 1766,
2031 2619 2175 2694 nesciret
2204 2619 2263 2696 ubi

1471 2729 1611 2806 unicum
1665 2735 1739 2836 ejus
1789 2729 1968 2837 exemplar
2023 2729 2262 2810 delitesceret.

1470 2851 1569 2920 Nunc
1599 2843 1677 2920 birra
1705 2843 1973 2952 dignoscuntur,
2013 2843 2158 2920 alterum
2192 2871 2261 2920 uo·

1468 2981 1578 3032 strum
1629 2957 1699 3034 hoc
1752 2955 2020 3063 praefationibus
2072 2958 2259 3047 mutilum,

1466 3069 1562 3177 quod
1593 3070 1677 3147 olim
1707 3075 1867 3147 Mantuae
1884 3072 1918 3145 in
1939 3070 2076 3177 publica
2107 3072 2261 3153 ludaeo-

1465 3210 1544 3258 rum
1574 3183 1804 3272 bibliotheca,
1850 3183 1909 3260 ubi
1947 3183 2032 3260 illud
2063 3186 2096 3260 iu
2126 3185 2258 3264 selectis

1465 3297 1549 3374 locis
1577 3297 1723 3373 contulit
1764 3296 1949 3386 Bruusius,
1980 3299 2144 3388 extabat,
2173 3301 2262 3376 alte·

1467 3437 1545 3487 tum
1574 3411 1667 3516 quod
1710 3411 1916 3518 Hamburgi,
1945 3437 2096 3516 superest
2128 3413 2163 3486 in
2193 3419 2260 3491 Se-

1466 3524 1694 3632 ligmauiana,
1732 3549 1765 3598 et
1795 3549 1844 3598 est
1872 3525 2257 3631 Oppenlreimerianum

1465 3641 1599 3746 ipsum,
1630 3636 1726 3744 quod
1757 3635 1901 3716 Wolfius
1929 3641 2147 3746 inspexerat.
2254 3723 2258 3728 ¹

1788 3811 1915 3884 XLV

1551 3986 1663 4057 Isaiae
1692 4008 1732 4054 ac
1760 3985 1920 4058 Jercrnr'as
1948 4005 2023 4054 cunt
2050 3985 2258 4057 Commenta·

1466 4103 1514 4170 rio
1543 4100 1592 4173 R.
1623 4099 1742 4172 David
1780 4096 1922 4168 Kirnchl
1951 4103 1985 4168 in
2008 4097 2075 4189 fol.
2108 4099 2256 4189 Ulysst'-

1460 4235 1549 4305 pone
1579 4235 1665 4282 anno
1695 4211 1736 4281 ab
1767 4215 1810 4282 0.
1842 4215 1879 4286 C.
1910 4204 1946 4283 V.
1977 4226 2076 4282 cell!
2087 4260 2101 4296 ‚
2132 4212 2256 4284 Christi

1461 4341 1686 4400 Mccccxcrr.

1546 4440 1605 4510 Est
1634 4459 1670 4508 et
1699 4431 1802 4536 hujus
1837 4432 2103 4542 elegantissimae
2131 4429 2258 4508 editio·

1460 4553 1512 4628 nis
1542 4574 1611 4624 tam
1654 4547 1795 4654 insignis
1824 4575 1864 4624 ac
1892 4545 2073 4655 singularis
2117 4547 2256 4636 raritas,

1461 4689 1498 4740 nt
1531 4659 1647 4769 paucis
1675 4661 1801 4738 abhinc
1826 4663 1921 4739 anuis
1950 4659 2087 4736 nonnisi
2115 4658 2192 4736 solo
2210 4659 2255 4733 ti·

1459 4777 1536 4852 tulo
1574 4799 1857 4880 cognosceretur.
1898 4778 1953 4850 De
1995 4800 2035 4851 ea
2074 4773 2254 4879 scripserat

1459 4888 1689 4964 Kennicottns
1717 4891 1764 4964 -in
1806 4897 1880 4966 The
1922 4914 1978 4964 ten
2019 4893 2144 4963 annual
2182 4893 2256 4962 Ac*

1459 5028 1576 5077 ronnas
1617 5029 1693 5110 pag.
1733 5029 1803 5100 ¹05
1837 5004 1984 5110 ignorari
2023 5001 2164 5088 locum,
2194 4999 2253 5075 ubi

1456 5142 1550 5191 nunc
1591 5141 1772 5207 serretur,
1805 5124 1900 5213 place
1932 5123 2036 5192 where
2065 5143 2141 5190 nutv
2172 5140 2252 5208 prc-

1456 5233 1595 5317 scrncd‚
1624 5237 1815 5323 unknown,
1855 5255 1920 5306 nec
1964 5229 1995 5304 ei
2034 5229 2132 5306 licuit
2172 5251 2250 5300 eam

1458 5342 1576 5420 videte
1617 5365 1652 5417 et
1694 5343 1874 5434 conferte,
1913 5369 1980 5451 ego
2022 5369 2106 5418 vero
2151 5337 2250 5414 dolui

1457 5458 1543 5534 olim
1572 5481 1791 5564 summopere
1834 5463 1887 5534 De
1917 5456 2012 5532 hebr.
2055 5479 2132 5565 typ.
2162 5455 2255 5562 orig.

1457 5599 1537 5682 pag.
1570 5571 1619 5669 58
1650 5595 1706 5648 me
1735 5573 1784 5651 ob
1812 5571 2060 5678 exemplarium
2094 5567 2251 5677 inopiam
