1379 1846
58 35 112 63 Γ,

59 1182 93 1219 χχ
74 1155 129 1172 xx
61 1073 77 1098 Χ

373 220 405 234 xx
584 214 762 233 DISSERTATIO
787 212 1002 232 PRAELJMINARJS

529 274 550 306 ς.
576 282 616 297 xx

372 318 471 337 Editionum
485 321 517 336 xr
529 323 560 336 rec.
571 317 674 341 praestantia
690 321 706 334 ιε
721 321 772 335 usus.

422 353 588 384 Antiquissimas
608 360 674 384 porro
695 351 773 374 editio-

374 393 411 408 nes
427 393 457 407 xv
473 393 514 407 sec.
527 393 571 407 non
583 390 625 407 tam
636 390 723 415 propter
733 391 773 406 ma-

372 418 450 440 ximam
467 418 585 444 raritatem,
602 425 664 448 quarn
673 416 771 439 eximiam

373 450 529 481 praestantiam,
546 449 659 472 utilitatem
675 455 697 471 et
714 456 772 470 usum

372 482 443 512 magni
459 480 565 504 faciendas
581 489 625 504 esse
641 489 664 503 ac
682 489 728 503 mss.
739 488 771 502 ae-

371 513 512 545 quiparandas
522 513 628 536 doctiores
637 521 710 535 omnes
724 513 771 543 phi-

373 546 443 577 lologi
475 554 499 568 ac
525 546 593 569 critici
620 545 755 568 consentiunt
765 560 771 566 .

371 577 444 608 Quum
461 586 487 600 ex
512 586 557 600 mss.
574 578 624 608 ipsis
651 577 771 600 immediate

372 610 497 642 plerumque
507 610 592 633 haustae
602 609 655 635 sint,
670 609 727 632 idem
740 615 772 632 est

372 643 475 673 pretium,
493 642 549 665 idem
571 650 635 670 usus,
650 641 722 664 eadem
739 650 772 664 au-

371 675 458 697 ctoritas
474 682 495 697 et
513 674 578 697 fides.
595 673 656 696 Hinc
672 673 771 696 avidissi-

372 714 405 729 me
427 706 455 729 ab
478 706 578 729 omnibus
601 706 770 737 conquiruntur,

371 739 427 771 inger
448 739 571 769 pretiosiora
594 738 770 761 bibliothecarum

371 770 454 794 cimelia
460 771 594 794 ‘collocantur
599 788 606 797 ,
615 771 724 802 primariae
734 778 771 801 po-

371 803 471 825 tissimum
487 810 509 826 et
530 803 671 834 antiquiores,
687 802 771 825 studio-

371 843 393 858 se
412 843 424 857 a
441 835 510 858 doctis
526 834 665 858 conferuntur
682 841 703 857 et
720 834 771 857 illu-

371 873 479 895 strantur,
502 873 597 891 accurate
623 867 771 889 examinantur

371 907 442 922 earum
458 899 555 927 dissidia,
572 899 685 931 variaeque
700 907 770 922 earum

371 931 474 954 lectiones
491 931 529 954 dili
545 932 651 954 entissime
670 938 770 955 eruuntur

371 972 395 986 ac
419 964 504 986 maximi
530 940 586 987 {unt
596 980 602 986 .
628 980 643 991 „
659 963 770 986 Editiones

371 1004 426 1027 quae
442 996 465 1018 in
482 997 553 1027 primis
575 996 605 1019 rei
622 1003 669 1028 typ.
685 996 770 1018 incuna-

371 1028 429 1051 bulis
445 1028 579 1059 prodierum,
595 1029 665 1060 inquit
677 1027 770 1055 Cavius,

371 1068 398 1083 ex
414 1060 501 1091 optImis
510 1060 624 1092 quibusvis
634 1069 681 1084 mss.
691 1068 773 1091 expres-

371 1101 405 1115 sae
421 1099 484 1119 sunt,
499 1093 554 1116 adeo
563 1100 588 1116 ut
597 1093 721 1116 desideratis
730 1091 771 1123 jam

371 1124 481 1156 plerisque
498 1125 609 1148 codicibus
629 1134 675 1148 mss.
694 1124 771 1148 editio-

371 1165 410 1180 nes
425 1163 476 1180 istae
492 1166 537 1180 non
556 1158 660 1181 immerito
675 1165 722 1180 mss-
738 1157 771 1179 vi-

369 1197 415 1214 cem
431 1189 532 1221 supplere
548 1196 637 1221 possunt
647 1205 674 1217 ‚‚.
690 1189 771 1220 Quam-

371 1220 445 1244 obrem
457 1237 472 1250 „
488 1230 557 1245 earum
567 1221 711 1245 auctoritatem
724 1221 771 1245 aliis

371 1253 471 1277 omnibus
488 1262 533 1278 esse
551 1253 710 1286 praeferendam
730 1259 772 1276 sta-

370 1287 413 1310 tuit
423 1285 565 1315 Mnittairius,
580 1287 663 1318 quippe
689 1293 773 1309 uaeso-

370 1319 392 1342 la
408 1326 455 1341 mss.
471 1317 516 1342 fide
538 1319 617 1342 nitatur
634 1334 659 1346 „.
700 1318 723 1341 ui
738 1318 772 1349 ju-

371 1351 429 1375 dicio
446 1359 554 1383 perperam
565 1359 587 1374 sc
596 1351 698 1382 opposuit
715 1349 774 1373 Mar-

371 1384 477 1412 chandus,
494 1383 626 1407 contendens
640 1391 709 1406 earum
726 1382 783 1414 plur

371 1425 404 1440 res
427 1425 454 1441 ex
476 1415 582 1440 mendosis
607 1415 771 1448 depravatisque

196 1792 214 1809 Σ
225 1791 406 1809 ΨΨ’““<’“·”ἸΏ;
415 1796 439 1809 ¹:51
444 1796 459 1809 ἢ

800 256 911 279 codicibus
932 254 1033 286 perfectas
1056 253 1133 282 fuisse,
1152 262 1199 277 cor-

801 295 914 320 ruptasque
939 289 1025 318 insuper
1050 286 1200 319 typographo-

801 328 848 343 rum
864 321 958 347 inscitia,
980 319 1019 351 qui
1036 320 1148 342 inventum
1163 326 1199 341 ce-

800 353 884 380 lantes,
905 352 1032 376 inconsultis
1053 351 1200 378 doctioribus,

801 393 840 408 suo
857 391 951 412 tantum,
961 391 984 407 ut
995 384 1024 406 ait
1033 383 1200 411 schelhornius,

800 417 880 448 judicio
890 416 1014 440 utebantur·
1031 415 1062 438 At
1072 423 1124 438 vero
1133 424 1200 447 quum

800 449 940 480 descriptores
956 456 1028 471 omnes
1045 447 1100 471 illud
1117 449 1140 470 in
1157 449 1201 479 pri-

799 482 837 504 mis
854 482 877 504 in
894 480 1037 504 exscribendis
1047 480 1158 503 codicibus
1167 488 1199 503 ca-

799 520 887 541 verent,
904 520 927 536 ut
947 513 1044 536 correctis
1058 519 1080 535 et
1096 513 1196 535 accuratis

798 545 955 577 exemplaribus
971 551 1093 571 uterentur,
1109 545 1147 576 qui
1158 545 1200 576 pri-

800 586 857 601 mum
874 577 951 601 factum
962 585 1006 600 esse
1017 583 1077 608 putat
1086 575 1200 599 Marchan-

799 610 853 638 dus,
869 617 892 633 ut
906 609 1038 642 typographi
1052 615 1117 632 artem
1129 608 1199 631 adhuc

800 651 858 666 suam
874 642 980 669 celantes,
998 642 1098 673 pe551mos
1114 641 1157 663 sibi
1167 649 1201 664 co-

800 675 858 698 dices
874 674 992 698 exarandos
1008 673 1125 697 inconsulti
1136 674 1200 696 susci-

798 707 887 739 perent?
897 706 1002 730 Ponamus
1012 706 1125 737 suscepisse
1132 721 1137 727 .
1155 704 1200 728 Diu

798 748 827 762 ne
842 740 954 762 inventum
970 738 1078 766 celarunt,
1091 745 1114 767 ut
1124 738 1198 760 incon-

798 771 859 794 sultis
875 771 1006 794 doctioribus
1022 778 1061 793 suo
1073 776 1154 792 tantum
1165 770 1199 801 ju-

799 803 857 827 dicio
874 803 999 827 uterentur?
1019 802 1080 826 Esset
1100 810 1152 833 ergo
1169 803 1202 825 vi-

799 836 853 859 tium
876 836 1027 859 nonnullarum
1051 834 1199 857 tantummodo

800 868 927 896 editionum,
944 876 999 900 quae
1017 868 1089 898 primis
1100 867 1200 890 inventae

799 900 956 933 typographiae
962 900 1022 923 annis
1029 898 1135 931 perfectae
1145 905 1201 926 sunt,

799 934 863 956 immo
873 939 926 955 esset
934 934 997 955 unius
1009 932 1110 955 editionis
1119 931 1201 954 Biblio-

798 973 856 993 rurn,
867 973 922 996 quae
947 966 1021 987 timum
1029 965 1084 987 inter
1094 972 1127 986 an.
1138 969 1200 992 1450

798 1005 823 1020 ac
843 1002 900 1027 1455
939 1003 1020 1020 austum
1031 1004 1052 1019 et
1063 995 1202 1019 Guttember-

801 1030 859 1061 gium
875 1029 967 1052 edidisse
983 1035 1059 1060 putant
1070 1028 1161 1055 eruditi,
1177 1035 1202 1050 ac

801 1069 843 1085 tam
860 1070 908 1085 uam
925 1070 972 1085 mss.
983 1060 1112 1084 venditasse·
1129 1059 1202 1090 Quid—

818 1095 838 1117 ui
873 1102 926 1117 vero
947 1094 976 1116 de
996 1101 1020 1116 ea
1037 1093 1078 1120 sit,
1094 1092 1202 1115 detectum

798 1103 898 1157 deInceps
911 1125 1036 1151 artificium,
1053 1124 1202 1156 typographos

799 1158 898 1181 adauctos
909 1174 915 1184 ,
943 1157 1048 1179 doctiores
1075 1156 1201 1184 consultos,

798 1190 869 1213 bonae
894 1196 956 1212 notae
981 1188 1066 1211 codices
1091 1188 1201 1214 delectos,

798 1222 915 1254 aptissimos
925 1228 1052 1245 correctores
1059 1221 1150 1244 adscitos
1156 1220 1201 1243 edi-

799 1256 869 1278 tiones
882 1255 940 1286 ipsae
957 1253 1079 1277 luculenter
1094 1252 1200 1284 produnt.

947 1303 967 1335 S.
994 1311 1052 1326 xx1

858 1347 887 1365 An
901 1347 985 1365 laetu-aim
1000 1346 1035 1364 sine
1048 1344 1147 1364 accuratae?

841 1380 942 1405 Produnt
957 1388 1007 1403 sane
1021 1379 1144 1406 hebraicae,
1154 1379 1200 1410 qui-

798 1414 839 1438 bus
855 1422 917 1446 saepe
933 1413 960 1437 ad
977 1411 1056 1436 calcem
1069 1411 1201 1438 adnectitur,
