5222 7090
859 698 1423 771 pausentur
1787 661 1791 666 ’
1910 716 1957 792 ῃ

329 901 397 952 ue.
426 873 511 950 Mihi
541 895 655 948 autern
689 869 879 978 praecepit,
908 893 945 947 ut
975 896 1118 978 apogra·
1172 894 1304 946 carcere
1339 868 1435 944 exilii
1464 865 1591 957 nostri,
1619 892 1654 944 et
1683 865 1824 944 reducat
1852 865 1961 974 capti·

330 989 399 1094 pha
430 1015 463 1064 et
492 983 703 1091 exemplaria
744 985 816 1088 ejus
844 984 959 1088 quoad
993 986 1116 1094 imper·
1175 981 1315 1058 vitatem
1358 1009 1527 1070 nostram,
1569 978 1755 1057 benefaciat
1785 1007 1803 1056 a
1835 979 1962 1086 priuci-

329 1099 495 1176 fcctioues
523 1103 597 1200 ejus
626 1096 777 1173 studiose
806 1100 1058 1182 examinarem,
1081 1121 1116 1170 et
1174 1095 1234 1202 pio
1264 1121 1371 1200 usque
1389 1093 1443 1170 -ad
1474 1094 1579 1170 finem
1610 1094 1847 1204 superstitibus
1875 1091 1965 1171 reli·-

331 1237 433 1287 omue
462 1212 609 1296 folium,
636 1209 731 1314 quod
760 1209 797 1284 iu
825 1206 1016 1316 exemplari
1056 1235 1116 1285 ac·
1171 1209 1262 1313 quiis
1291 1212 1434 1295 nostris,
1473 1233 1606 1283 memor
1633 1207 1679 1282 sit
1719 1205 1865 1283 foederis
1894 1207 1963 1313 pri·

329 1333 449 1401 curato
479 1347 682 1429 corruptum
710 1345 798 1398 essct
826 1347 873 1398 ex
903 1347 1001 1428 parte
1021 1349 1117 1398 com·
1176 1346 1311 1396 morum
1342 1320 1397 1396 vel
1427 1322 1669 1424 antiquorum,
1705 1343 1740 1396 et
1770 1319 1964 1428 benignita-

330 1437 533 1545 positionis,
575 1437 804 1542 corrigerem,
856 1434 1115 1544 perfectumque

329 1547 508 1626 redderem
537 1575 576 1624 ac
619 1549 705 1623 hene
734 1547 955 1640 ordinatum,
983 1573 1025 1623 uc
1054 1547 1116 1624 de·

330 1662 511 1767 scriptores
541 1663 794 1767 impingerent,
832 1659 985 1765 nihilque
1013 1662 1115 1736 outit·

332 1796 441 1851 terent
470 1801 515 1850 etr
554 1772 721 1878 eoquod
766 1775 867 1880 primi
911 1797 1115 1880 posuerant.

329 1891 371 1962 Et
400 1913 480 1964 ecce
511 1911 576 1993 ego
607 1886 692 1961 iufra
730 1888 898 1993 scriptus,
925 1887 988 1961 etsi
1019 1887 1114 1962 incli-

330 2025 408 2075 nata
438 1999 481 2075 sit
511 2025 631 2076 manus
661 2023 758 2092 ntea,
795 2001 849 2075 vel
879 1998 1011 2074 infirma
1042 2021 1116 2078 meu

328 2111 498 2199 facultas,
545 2137 578 2188 et
620 2112 731 2188 tenuis
775 2113 969 2218 assequutio
1021 2139 1119 2206 mea,

330 2223 397 2300 l'eci
428 2249 567 2314 tamen,
610 2249 648 2300 ut
677 2250 898 2333 praeceptum
927 2251 976 2301 est
1006 2225 1114 2317 mihi,

331 2361 367 2414 et
397 2337 610 2414 consideravi
640 2337 848 2443 exemplaria
870 2337 1059 2443 descripta,
1081 2365 1115 2417 et

333 2449 464 2555 septies
494 2449 636 2555 probata
665 2476 706 2525 ea
734 2451 888 2539 restitui,
916 2451 1117 2557 exploravi,

332 2563 503 2669 probavi,
531 2563 769 2667 emanavitque
798 2588 841 2638 er
879 2563 918 2637 iis
945 2563 1033 2639 libet
1061 2563 1117 2640 hic

332 2697 467 2760 rectus,
496 2698 699 2762 accuratus,
727 2673 918 2766 excellens,
946 2675 1117 2784 eleganter

331 2785 529 2874 formatus,
571 2786 841 2892 omnimodaque
889 2788 1117 2893 perfectione,

322 2924 420 3005 quae
464 2923 543 2976 eum
573 2899 688 2976 evehit
726 2899 768 2976 ad
812 2899 1046 2977 celebritatem
1076 2928 1116 2978 ac

1173 1457 1247 1510 turn
1278 1431 1434 1508 fidelium
1462 1430 1602 1522 David,
1627 1436 1723 1534 juxta
1751 1430 1962 1509 desideriunt

1172 1547 1262 1622 servi
1293 1547 1423 1637 vestri,
1452 1545 1550 1651 pueri
1591 1543 1740 1620 ardentis
1768 1547 1827 1651 qui
1858 1546 1964 1624 deso·

1172 1659 1240 1734 lata
1268 1658 1344 1733 loca
1375 1658 1569 1744 inhabitat,
1607 1656 1763 1733 destituti
1810 1658 1965 1752 viribus,

1173 1770 1286 1878 pusilli
1315 1769 1503 1876 sapientia,
1530 1769 1653 1849 diebus
1687 1795 1720 1845 et
1745 1771 1866 1857 annis,
1886 1798 1966 1848 eva·

1172 1908 1267 1961 cuatr
1294 1910 1314 1960 e
1342 1908 1432 1962 vasts
1463 1910 1499 1958 tn
1538 1909 1619 1960 vasa
1650 1909 1762 1974 varta,
1802 1910 1862 1960 seu
1891 1909 1965 1962 eru·

1175 1997 1300 2086 naniti,
1328 2023 1432 2103 quem
1460 1995 1543 2072 odio
1573 1996 1742 2103 persecuti
1760 2021 1879 2084 sunt,
1904 2024 1965 2074 cu·

1174 2115 1296 2216 jusque
1326 2110 1531 2186 calamitates
1572 2109 1738 2216 temporis
1768 2135 1808 2184 ac
1839 2110 1966 2186 vicissi-

1174 2223 1312 2299 tudines
1339 2247 1547 2314 creverunt,
1575 2219 1749 2298 derivatae
1780 2222 1823 2298 ab
1852 2222 1964 2298 inimi·

1173 2335 1223 2412 cis
1251 2335 1533 2444 oppressoribus,
1564 2334 1760 2421 velocibus,
1792 2336 1964 2412 instructis

1173 2449 1301 2556 sagittis
1329 2449 1458 2538 acutis,
1486 2450 1681 2525 Salomonis
1710 2447 1769 2523 filii
1805 2449 1962 2526 doctoris

1175 2565 1213 2636 R.
1244 2567 1364 2639 Peretz
1404 2561 1527 2637 Bunfoi
1566 2560 1680 2650 Galli,
1719 2585 1823 2669 quern
1865 2566 1961 2638 Deus

1176 2697 1313 2750 tueatur
1341 2701 1380 2752 ac
1410 2673 1580 2752 custodiat
1608 2726 1653 2768 „.
1950 2716 1954 2738 ι

1258 2793 1378 2894 ltaque
1426 2785 1562 2864 libellus
1600 2812 1669 2862 non
1710 2813 1772 2893 per
1802 2786 1890 2864 lilios
1921 2791 1960 2864 R.

1174 2903 1291 2979 iosuae
1333 2900 1399 2975 ben
1445 2899 1544 2976 lsrael
1574 2899 1733 2987 Nathan,
1774 2923 1812 2975 ut
1841 2899 1965 2978 scribit

330 3010 491 3101 laudem,
530 3009 710 3118 impressus
748 3011 889 3117 quidem
927 3015 1019 3121 stylo
1048 3014 1117 3090 fer-
1174 3012 1340 3100 Wollius,
1381 3012 1441 3089 sed
1472 3037 1535 3120 per
1571 3017 1706 3093 losuam
1737 3011 1851 3118 ipsum
1882 3013 1964 3088 edi·
1997 3033 2001 3046 ·

329 3151 414 3212 reo,
456 3125 601 3231 plumbo
630 3149 664 3200 et
694 3151 788 3212 aere,
817 3125 878 3226 sed·
904 3155 1009 3234 quem
1037 3153 1116 3203 sane
1173 3147 1227 3200 tus
1253 3149 1331 3214 est,
1369 3150 1473 3232 opera
1514 3149 1628 3202 tameu
1660 3151 1846 3232 puerorum
1879 3152 1962 3202 suo·

332 3263 399 3313 uon
432 3237 587 3347 fugabit,
614 3240 674 3343 qui
702 3239 851 3344 scriptus
876 3264 927 3316 est
947 3267 1117 3316 atramen-
1173 3263 1278 3330 rum,
1308 3235 1467 3315 videlicet
1496 3237 1659 3344 opificum
1689 3239 1749 3343 qui
1780 3238 1871 3314 illius
1905 3265 1962 3346 ty-

332 3376 391 3436 to,
418 3350 446 3426 si
488 3351 537 3427 illi
566 3377 809 3458 comparetur,
838 3380 878 3430 ac
906 3355 1008 3431 simul
1037 3380 1116 3459 pro·
1169 3350 1383 3459 pographiae
1423 3350 1672 3428 inserviebant.
1732 3349 1788 3426 hd
1829 3349 1964 3427 calcem

330 3453 563 3540 ducantur'et
604 3464 847 3572 inspiciantur.
887 3465 1034 3544 Videant
1063 3493 1115 3542 er·
1175 3488 1315 3541 vocatur
1343 3463 1430 3541 libet
1459 3463 1619 3541 Mivchtr
1648 3462 1899 3570 mippeuinim,
1927 3486 1964 3539 et

332 3601 377 3684 go
407 3576 505 3652 illum
536 3577 619 3663 viri,
660 3579 721 3654 viri
749 3579 810 3684 qui
849 3581 1013 3687 operibus
1041 3605 1117 3656 san·
1173 3603 1245 3654 esse
1294 3577 1397 3654 etiam
1441 3576 1578 3654 codices
1622 3577 1683 3683 qui
1733 3577 1964 3654 inscribantur

332 3687 482 3766 ctificant
511 3713 547 3764 se
587 3716 620 3766 et
650 3691 853 3798 purificant,
891 3718 926 3769 et
955 3691 998 3768 ad
1030 3719 1115 3787 vos,
1173 3691 1343 3769 Muvchar
1373 3689 1618 3798 mippeuinim,
1648 3687 1799 3766 vidimus
1819 3687 1862 3765 acl
1883 3688 1961 3766 cod.

331 3802 577 3908 opriucipes,
606 3829 726 3880 vocem
749 3831 859 3880 meam
881 3807 1115 3895 extollo,au·
1170 3828 1327 3882 nostrum
1372 3829 1476 3903 571,
1514 3804 1574 3910 qui
1613 3802 1819 3910 singularem
1867 3803 1964 3879 huuc

332 3911 405 3988 dite
434 3939 562 4018 quaeso
589 3916 649 4018 qui
687 3911 818 3991 docetis
856 3920 1035 4020 justitiam,
1064 3922 1116 4018 ju·¹
1173 3915 1315 3994 exhibet
1358 3915 1519 3993 titulum.
1561 3914 1628 3992 Sed
1672 3916 1729 3990 alii
1759 3915 1865 3992 nostri
1909 3941 1963 3990 se·
2050 4015 2052 4018 Ι

335 4021 466 4099 dicium
495 4049 530 4100 et
560 4026 798 4103 rectitudines.
826 4031 949 4104 Venite
976 4034 1116 4130 jam,o
1175 4050 1270 4133 ptem
1299 4053 1520 4105 communem
1551 4049 1761 4132 sequuntur.
1803 4021 1875 4127 Qui
1907 4027 1965 4104 hic

333 4135 460 4228 fortes,
489 4137 618 4243 aperite
650 4165 786 4245 portas,
815 4167 848 4216 et
877 4142 1036 4246 suscipite
1067 4142 1117 4215 iu·
1173 4141 1300 4215 sistitur
1329 4165 1525 4245 anonymus
1555 4141 1852 4224 Commentarius,
1883 4164 1963 4216 eum

332 4249 547 4326 stitutionem
579 4255 668 4352 ejus,
700 4255 779 4358 quia
811 4253 931 4330 melior
952 4279 1000 4329 est
1018 4277 1116 4330 merx
1174 4245 1424 4329 inscribimus
1455 4272 1536 4333 *nvn
1567 4257 1692 4328 satore
1721 4255 1849 4324 midhtlt
1872 4252 1965 4325 erui·
2021 4245 2024 4252 ’

332 4367 406 4465 ejus
437 4388 552 4439 merce
582 4367 708 4470 argenti
737 4390 771 4441 ct
808 4365 944 4442 delectu
988 4391 1117 4472 marga·-
1174 4387 1229 4440 rur
1258 4392 1304 4441 ert
1333 4364 1457 4441 eodem
1487 4365 1606 4440 codice
1637 4387 1756 4438 nostro
1788 4389 1894 4462 571,
1924 4385 1964 4438 ut

334 4479 499 4551 ritarum.
528 4482 558 4550 Α
588 4481 664 4551 Deo
692 4503 807 4554 autem
837 4479 895 4584 qui
925 4501 976 4554 est
1014 4504 1117 4584 rupes
1174 4476 1327 4554 adeum
1373 4477 1650 4568 observavimus.
1695 4481 1829 4552 Praeter
1870 4501 1965 4551 com·

334 4613 432 4676 mea,
474 4587 591 4665 lumen
623 4615 764 4679 meum,
803 4590 892 4667 sulus
932 4617 1025 4680 mea,
1054 4590 1116 4698 qui
1176 4615 1382 4667 memoratos
1425 4593 1579 4697 superius
1622 4615 1774 4668 auctores
1805 4588 1862 4666 alii
1894 4605 1964 4666 nou

335 4699 441 4808 pascit
483 4727 537 4776 me
567 4727 586 4774 a
617 4727 772 4807 tempore
812 4731 884 4810 quo
923 4732 1026 4795 sum,
1054 4704 1116 4810 qui
1177 4705 1274 4810 pauci
1302 4703 1492 4780 editionem
1535 4703 1621 4779 hauc
1668 4702 1843 4793 reseruut,
1873 4702 1963 4778 iuter
2019 4712 2022 4720 ’
2102 4702 2107 4712 ’

333 4837 384 4889 est
413 4812 558 4918 clypeus
586 4815 824 4936 circumgme,
853 4817 1048 4894 tremendus
1076 4842 1117 4893 ac
1174 4843 1261 4922 quos
1291 4818 1527 4906 Loescherus,
1556 4812 1797 4906 Grodeckius,
1837 4816 1965 4892 Otlan·

336 4925 581 5012 formidabilis,
609 4953 722 5033 petam
761 4929 817 5004 die
848 4929 912 5006 hac
941 4934 1058 5024 (xvtt
1077 4935 1119 5025 )·,
1174 4928 1263 5018 dus,
1292 4929 1446 5020 Arisius,
1477 4956 1687 5037 quamquam
1719 4929 1874 5038 plerique
1896 4927 1962 5003 sub

336 5061 374 5114 ιιι
404 5037 498 5148 virga
529 5042 687 5136 (mensis
716 5040 861 5136 sce-hat)
888 5044 958 5118 oris
985 5044 1037 5118 sui
1059 5069 1118 5117 an·
1176 5041 1340 5119 mendoso
1384 5042 1486 5120 titulo
1531 5047 1706 5130 Mincium,
1745 5068 1784 5118 ac
1825 5064 1961 5148 praeter

336 5175 382 5226 no
410 5178 481 5256 quo
520 5151 681 5229 dormitat
713 5161 932 5254 (ceutrv),
960 5159 1120 5262 expergi·
1178 5155 1265 5232 hanc
1295 5153 1450 5232 nostram
1486 5181 1586 5232 extat
1615 5157 1717 5230 etiam
1749 5154 1781 5229 itt
1813 5153 1964 5228 nonnul·

335 5287 472 5352 scatur,
513 5267 707 5372 excitetque
747 5295 890 5356 aurern,
927 5292 963 5344 ut
1004 5267 1119 5345 audiat
1175 5268 1217 5345 lis
1245 5268 1318 5344 aliis
1346 5267 1588 5346 bibliothecis.
1629 5271 1761 5371 Nempe
1802 5266 1836 5339 in
1868 5266 1965 5340 Pari·

336 5373 488 5452 eruditos
527 5380 716 5470 antistites,
755 5408 905 5488 eumque
944 5381 1119 5480 exorabo,
1175 5381 1275 5456 sieusi
1305 5380 1473 5485 publica,
1513 5405 1597 5457 teste
1626 5379 1793 5484 catalogo
1833 5381 1964 5451 tom.1

338 5510 374 5562 ut
403 5488 558 5594 respiciat
581 5491 634 5568 vel
658 5492 775 5601 vigilet
804 5521 907 5602 super
937 5495 1059 5571 vinctis
1084 5497 1119 5568 itt
1179 5521 1272 5570 uum.
1304 5517 1381 5592 909
1413 5519 1489 5600 pag.
1522 5495 1596 5593 69,
1624 5495 1725 5596 cujus
1755 5515 1870 5566 tarneu
1903 5515 1964 5564 au·
