5146 7094
1131 705 1138 722 ³
1865 683 1941 758 ¹77

369 793 1060 968 annonantur
1131 855 1245 958 44
1314 827 1843 956 ’44444444

576 1055 1028 1150 HEBRAICORUM
1061 1053 1381 1143 LIBRORUM
1418 1049 1537 1136 SEC.
1566 1043 1663 1136 XV.

909 1219 1331 1320 ΜΝ

299 1349 581 1499 1484148184
615 1420 723 1501 0147144
752 1419 944 1481 Pisaurensis
968 1434 1001 1477 ac
1022 1431 1098 1497 pro·
1204 1409 1356 1488 48414884
1375 1405 1528 1482 Iosephus.
1555 1397 1641 1460 Unus
1661 1415 1700 1460 ex
1720 1391 1945 1458 correctoribus

298 1501 433 1564 sessione
455 1507 590 1563 tinctor.
618 1498 729 1561 Edidit
751 1519 831 1561 anno
855 1517 930 1576 4477
952 1495 1097 1557 Gersoni·
1154 1489 1205 1555 vel
1225 1486 1395 1552 artificibus
1414 1480 1607 1546 celeberrimi
1629 1474 1827 1540 Pentateuchi
1853 1473 1946 1554 Ulys-

298 1579 347 1643 dis
370 1581 639 1644 ¹commentarium
668 1581 699 1640 in
729 1579 803 1652 lob,
832 1578 990 1638 ferrariae
1016 1593 1096 1635 anno
1152 1576 1292 1654 siponen·
1312 1587 1338 1628 a.
1361 1583 1455 1640 4494,
1500 1565 1530 1622 41
1552 1555 1716 1620 4488141414
1738 1569 1774 1640 47
1800 1557 1823 1616 is
1834 1569 1947 1630 nomen

303 1679 381 1742 1479
401 1661 437 1722 R.
459 1659 561 1722 144481
584 1658 644 1720 ben
663 1658 758 1722 84414
779 1659 849 1722 iore
869 1655 951 1718 delii
966 1699 976 1730 ,
992 1654 1099 1716 Bnno-
1152 1669 1243 1714 suum
1266 1647 1440 1732 rythmicae
1459 1582 1541 1704 111144
1562 1635 1721 1722 epigraphi
1742 1573 1902 1696 suhdtdit.

305 1747 371 1802 niae
387 1758 434 1801 an.
454 1739 529 1814 4484
550 1739 794 1802 Pentateuchum
815 1755 885 1800 cuns
904 1737 1045 1817 Targum
1062 1747 1095 1794 et
1216 1733 1319 1793 chasia
1341 1723 1439 1808 (ben)
1460 1726 1497 1784 R.
1519 1721 1637 1792 Moses,
1665 1713 1794 1778 celebris
1815 1709 1946 1774 ludaeo-

302 1819 530 1883 Commentario
550 1818 697 1882 larchiet
716 1839 737 1882 v
752 1817 940 1902 Meghillbth
958 1811 1105 1876 cumua·'
1152 1829 1218 1872 rum
1238 1811 1392 1891 scriptor,
1423 1819 1503 1864 anno
1525 1796 1601 1868 1488
1630 1797 1766 1858 correxit
1792 1807 1826 1854 et
1847 1787 1948 1852 edidit

299 1903 421 1962 riorum
442 1899 696 1972 Commentariis,
716 1897 843 1961 tandem
865 1897 992 1958 Soncini
1014 1912 1095 1956 anno
1151 1887 1277 1974 Neapoli
1301 1886 1388 1949 Aben
1409 1883 1505 1944 Ezrae
1535 1876 1799 1942 Commentariun
1822 1873 1853 1933 in
1875 1867 1949 1932 Pen-

302 1976 380 2051 1488
401 1981 499 2062 prima
513 1982 633 2060 integra
655 1975 770 2041 Biblia.
791 1975 964 2059 hlosepho
975 1971 1094 2048 Chajim
1151 1969 1355 2042 tateucbum,
1389 1968 1421 2026 in
1452 1958 1538 2036 cujus
1570 1953 1737 2096 epigraphe
1769 1951 1889 2036 plenius
1916 1965 1948 2010 se

301 2057 467 2142 Strasburg
477 2062 509 2120 in
523 2057 692 2141 epigraphe
713 2058 912 2127 Bononiensis
931 2055 1096 2116 Pentateu-
1151 2049 1245 2111 filium
1267 2049 1303 2110 li.
1325 2049 1413 2109 Scem
1435 2037 1508 2104 Τὸν
1527 2055 1566 2102 ex
1594 2033 1666 2098 fami
1682 2038 1710 2095 14
1743 2029 1804 2095 ben
1826 2027 1949 2092 Charis

301 2138 354 2202 chi
375 2153 535 2222 tamquam
556 2139 607 2198 vir
627 2141 658 2197 in
680 2153 781 2200 artat
807 2134 994 2221 pographica
1015 2131 1095 2196 cele·
1152 2132 1279 2213 Hispani
1307 2123 1465 2210 appellat,
1492 2137 1532 2182 ex
1558 2109 1787 2196 habitatoribus
1816 2123 1950 2192 synago·

302 2219 455 2281 berrimus
466 2229 500 2279 44
512 2223 565 2301 qui
585 2234 689 2302 parem
704 2237 767 2280 non
782 2159 920 2291 habeat,
939 2210 1100 2276 laudatur.
1152 2223 1210 2292 gae
1237 2207 1389 2292 Ulyssip.‚
1412 2201 1656 2288 peregrinantem
1678 2189 1828 2276 Neapoli.

363 2301 503 2359 Adraham
526 2303 575 2358 ben
601 2301 710 2358 Garton
725 2299 769 2376 fil.
789 2301 898 2359 isaaci,
926 2295 971 2358 Re
998 2297 1018 2356 ii
1035 2295 1097 2356 Ca·
1215 2295 1338 2358 conatus
1359 2291 1429 2348 Asa.
1445 2283 1489 2360 fil.
1501 2279 1679 2345 salomonia,
1696 2273 1879 2334 Mantuanus
1889 2269 1953 2354 prl-

303 2375 438 2452 labriae‚
472 2375 525 2438 ubi
547 2380 748 2440 institutionis
767 2382 866 2462 gratia
898 2313 1098 2448 morahatur,
1152 2387 1221 2436 mae
1243 2370 1353 2432 aetatis
1382 2357 1614 2458 typographus,
1646 2371 1722 2448 non·
1746 2347 1952 2424 CPolitanus',

304 2475 361 2518 suo
380 2470 478 2519 marte
499 2455 725 2597 typographiae
755 2451 921 2520 artificium
949 2473 1011 2516 non
1030 2459 1096 2514 sine
1153 2467 1190 2514 ut
1231 2467 1369 2532 erperam
1390 2441 1527 2507 creditus
1548 2451 1617 2500 est.
1647 2433 1742 2494 Vana
1764 2447 1858 2514 opera
1879 2447 1952 2512 pro·

304 2555 417 2618 magno
436 2534 542 2598 labore
594 2533 706 2610 idicit‚
736 2557 771 2600 ac
797 2535 909 2599 1444811
935 2533 1098 2597 Conamen
1152 2473 1302 2614 muipgaeit
1324 2524 1364 2588 ad
1384 2539 1520 2610 quorum
1540 2515 1658 2579 calcem
1674 2510 1753 2574 44144
1773 2527 1807 2572 44
1835 2507 1953 2570 484414

304 2623 419 2678 tarium
432 2618 463 2678 in
475 2616 582 2692 rens,
600 2614 711 2677 librum
721 2617 938 2680 hebraicorum
959 2617 1098 2686 omnium
1151 2631 1205 2676 sen
1225 2607 1347 2672 rabbini
1376 2607 1516 2674 socium,
1544 2593 1699 2658 medicum
1721 2605 1754 2652 et
1783 2587 1954 2652 multorum

303 2701 437 2781 primum
457 2714 527 2757 cum
546 2710 630 2758 certa
651 2700 722 2758 anni
742 2713 815 2759 nota
831 2701 1028 2778 impressum,
1044 2711 1095 2753 an·
1153 2692 1341 2756 calamorum
1362 2688 1545 2766 scriptorem
1566 2677 1632 2738 sins
1654 2667 1864 2736 ullomlrabili
1877 2685 1955 2750 ope·

305 2795 346 2839 no
370 2795 443 2854 1475
467 2773 628 2856 vulgavit.
661 2777 701 2836 ls‘
717 2777 823 2862 praelo
849 2773 1005 2847 4444844,
1035 2789 1097 2834 non
1154 2792 1189 2836 re
1208 2767 1381 2854 appellare.
1404 2760 1465 2826 Sed
1488 2773 1599 2820 antium
1621 2771 1656 2816 ac
1677 2749 1827 2814 domicilii
1849 2747 1954 2808 locum

307 2858 522 2936 compositioni
544 2852 737 2929 litterarum,
766 2874 827 2919 nec
848 2855 928 2916 ullus
948 2854 1026 2916 alius
1046 2871 1096 2913 su·
1154 2857 1186 2914 in
1205 2847 1270 2914 sold
1290 2843 1395 2910 04448
1416 2839 1526 2916 chajins
1541 2835 1692 2920 expressit
1711 2847 1760 2892 an.
1783 2829 1880 2908 4476,
1896 2828 1953 2912 qui

305 2950 409 3020 penest
438 2932 517 2995 liber
548 2933 587 2994 ab
617 2953 655 3002 eo
686 2935 805 2998 editus.
838 2934 974 2998 Unicum
1002 2935 1097 3006 etiam
1152 2950 1211 3018 pro
1230 2933 1330 3014 ptimo
1349 2923 1414 2999 ejus
1433 2917 1520 2984 foetu
1541 2929 1587 2980 est
1608 2907 1790 2975 habendus.

304 3033 439 3095 euinque
458 3012 644 3096 singularem
665 3015 876 3078 characterem
898 3011 1057 3075 adhibuit.
1215 3016 1304 3074 conas
1324 3005 1487 3074 Esteilina,
1515 2993 1684 3060 8844844441
1699 3007 1817 3078 Ι4444,
1847 2981 1954 3048 144481

362 3097 503 3155 Abrabam
520 3093 597 3172 filias
619 3095 710 3158 isaaci
723 3097 780 3174 7118·
801 3099 917 3160 David·
935 3093 1022 3156 Pent.
1035 3089 1100 3154 edi·
1154 3091 1284 3154 Levitae
1306 3101 1365 3168 ope
1385 3079 1503 3152 edidit,
1524 3090 1584 3139 non
1608 3070 1767 3153 designato
1787 3083 1835 3128 an.
1855 3079 1890 3128 et
1912 3063 1958 3128 lo·

306 3178 423 3235 tionem
444 3177 516 3234 anni
549 3189 627 3250 1490
644 3179 782 3238 correxit
804 3187 838 3238 et
859 3175 1010 3236 acrostico
1031 3189 1099 3233 444·
1156 3189 1215 3245 44,
1236 3165 1289 3232 sed
1310 3157 1366 3229 suh
1387 3166 1459 3242 ipsa·
1472 3153 1698 3240 typographiae
1720 3141 1906 3209 incunabula
1921 3159 1954 3207 et

307 3257 389 3316 mine
401 3251 487 3335 quod
499 3250 565 3328 ejus
584 3271 696 3316 nomen
709 3253 839 3338 pandit,
858 3249 1099 3316 commendavit.
1156 3253 1303 3316 Mantuae
1318 3242 1439 3317 ledajae
1461 3239 1659 3300 Badrescitae
1682 3221 1842 3290 bechinid
1855 3223 1954 3286 olim.

365 3335 508 3392 Abraham
527 3331 640 3394 leuitici
670 3337 865 3402 1404144414,
886 3330 1098 3394 dictusEzra·
1216 3333 1315 3390 David
1330 3325 1374 3404 fil.
1399 3325 1435 3383 R.
1458 3323 1555 3394 Eleon.
1577 3317 1712 3376 Levitae·
1742 3307 1866 3372 Sontini
1887 3321 1959 3366 cor·

306 3408 357 3471 chi
375 3429 433 3474 seu
453 3407 616 3493 indigena,
643 3413 790 3476 Mantuae
810 3411 948 3495 degens.
974 3411 1101 3473 Socium
1157 3413 1240 3472 44414
1261 3427 1310 3470 an·
1340 3399 1416 3476 1489
1441 3396 1551 3462 Cholin
1582 3405 1615 3454 et
1644 3383 1767 3456 Nidd'a,
1798 3397 1957 3468 assumpto

175 3554 178 3560 ,
306 3507 339 3552 44
360 3489 536 3552 abrahamo
559 3491 680 3554 Conato
709 3493 875 3577 praebuit,
898 3503 933 3552 44
954 3489 1102 3553 Gersoni·
1158 3487 1359 3552 correctionis
1395 3483 1480 3542 socio
1507 3468 1718 3540 Mardochaeo
1747 3459 1791 3528 hl.
1826 3461 1957 3532 liuben,

308 3569 357 3632 dis
386 3571 634 3632 Commentarius
664 3576 697 3634 in
718 3573 806 3636 Peut.
837 3567 1009 3636 abeodem
1036 3573 1102 3630 sine
1159 3572 1214 3711 poi
1235 3585 1308 3630 eunt
1328 3575 1524 3643 summopere
1545 3548 1670 3616 laudat.
1691 3547 1755 3610 lant
1769 3555 1859 3606 antea
1872 3542 1955 3606 Che·

306 3667 387 3712 anno
416 3663 450 3714 et
480 3649 572 3724 loco,
599 3649 654 3712 sed
686 3656 845 3736 primaeva
874 3647 1102 3735 typographiae
1186 3645 1307 3710 uhbbth
1328 3631 1630 3716 ediderat,singulis
1649 3623 1840 3690 editionibus
1860 3625 1957 3686 moni·

310 3743 412 3794 aetate
432 3743 577 3792 exaratus
593 3747 853 3870 promoveretur·
1159 3742 1191 3790 ta
1212 3739 1418 3810 praeponens,
1438 3733 1532 3860 atpue
1554 3727 1588 3776 ut
1602 3705 1833 3800 emendatiores
1847 3701 1959 3799 redde·

368 3813 510 3872 Abrabam
531 3813 569 3869 it.
618 3815 722 3888 nimia,
746 3831 801 3874 seu
827 3806 1024 3892 Discipulos,
1046 3807 1104 3868 111-
1159 3821 1228 3878 444,
1249 3823 1318 3866 mss.
1330 3798 1400 3864 cod.
1412 3816 1470 3860 con
1486 3811 1594 3858 erens.
1615 3789 1767 3852 Eleazarrs
1779 3797 1846 3846 4444
1860 3781 1957 3860 filaus,

308 3887 962 4033 trauaturritanensem
975 3890 1102 4027 444
1159 3879 1769 4030 cularetrituratur
1782 3859 1961 4025 44444

369 4008 542 4130 4144444ιὶ.Ι
552 4046 657 4112 Plures
677 4015 784 4112 ehtant
804 3987 1104 4111 hebrdicaepeditid·
1160 4043 1215 4129 phi
1235 3983 1427 4106 (1111411414411ι
1447 4037 1485 4098 114
1506 4029 1654 4094 tribuitur
1684 3983 1784 4086 editid
1804 3961 1960 4096 8481844·

311 4147 366 4194 nes
386 4145 429 4190 xv
451 4128 564 4200 seculi,
581 4133 614 4190 in
634 4131 747 4212 quibus
766 4125 1037 4212 typographorum
1051 4122 1104 4188 vel
1161 4124 1218 4186 rim
1239 4141 1288 4184 an.
1313 4137 1409 4196 1494,
1426 4129 1521 4196 ,quae
1546 4123 1651 4172 tamen
1681 4115 1827 4184 suspecta
1856 4114 1903 4163 est
1923 4105 1960 4164 ad

309 4209 468 4272 editorum
488 4209 612 4270 nomina
643 4209 727 4271 nulla
749 4219 946 4291 comparent.
979 4205 1025 4268 Ex
1056 4203 1105 4264 his
1162 4201 1276 4264 dubia.
1309 4199 1419 4260 Varios
1447 4192 1511 4255 illic
1540 4187 1635 4250 lihros
1662 4186 1884 4276 impresserunt
1903 4179 1960 4242 448

311 4289 390 4352 aliae
417 4301 488 4348 sunt
519 4305 601 4373 quae
634 4303 719 4350 certa
747 4285 959 4372 praeseferunt
990 4281 1104 4345 indicia
1163 4287 1287 4345 144444.
1307 4295 1384 4340 xvi·
1416 4267 1523 4336 David
1539 4267 1622 4330 48114
1652 4277 1755 4325 44444444
1781 4272 1850 4344 post
1870 4257 1960 4322 abso·

311 4372 364 4433 cui
384 4370 446 4428 sint
466 4365 673 4442 tribuendae,
693 4368 772 4431 aliae
791 4367 1026 4429 incertissimas.
1162 4363 1260 4426 lutum
1297 4349 1492 4420 Maimoniciis
1523 4345 1579 4412 lad
1606 4363 1656 4408 an·
1688 4357 1783 4420 ¹509·
1816 4339 1893 4404 Nam
1928 4343 1961 4402 in

372 4444 488 4524 Aaarill
508 4445 605 4524 itlfii.
625 4448 751 4527 Jaseplni.
773 4447 808 4510 ln
828 4445 893 4523 4144
912 4441 1005 4506 domo
1024 4439 1108 4505 Nea·
1163 4439 1268 4502 nruch
1305 4435 1412 4498 144414
1441 4427 1528 4518 quod
1558 4443 1607 4489 an.
1636 4441 1701 4504 seq·
1732 4418 1861 4482 excudit
1891 4415 1962 4496 ejus

312 4526 378 4608 poli
399 4541 509 4590 curata
528 4545 609 4590 anno
631 4545 705 4606 4494
729 4531 909 4590 1414444444
929 4519 1048 4586 editio.
1163 4515 1246 4582 lilios
1266 4513 1408 4589 Samuel,
1440 4511 1538 4596 patris
1557 4505 1673 4570 nomini
1705 4513 1740 4560 44
1771 4494 1837 4564 fato
1858 4494 1962 4562 functi

372 4609 521 4668 Beniamin
543 4612 578 4668 14
597 4610 708 4668 Roma.
726 4606 824 4670 Simul
846 4621 918 4667 cum
938 4597 1062 4662 0844114
1074 4610 1108 4664 44
1163 4611 1312 4663 consueta
1332 4589 1558 4660 benedictionis
1578 4581 1707 4647 formula
1727 4579 1908 4654 subiicitur.

311 4681 450 4747 Manasse
470 4677 664 4769 magnificam
692 4683 862 4747 editionem
890 4694 978 4766 parat
1008 4679 1109 4741 Nach·
1226 4683 1338 4739 Damas
1357 4679 1411 4736 don
1432 4670 1546 4734 Samaei
1565 4663 1829 4746 Ulyssiponensis·
1850 4659 1884 4722 ln
1898 4654 1964 4722 e'us

311 4762 444 4828 maniciis
465 4763 685 4828 commentarii
705 4768 738 4827 in
757 4764 843 4826 Pent.
863 4765 929 4823 sine
947 4778 1000 4822 an.
1020 4771 1053 4822 et
1072 4757 1094 4820 1.
1164 4755 1260 4820 domo
1279 4751 1363 4818 edita
1385 4761 1456 4814 sunt
1476 4767 1502 4810 4.
1526 4765 1562 4812 44
1585 4763 1602 4806 4
1626 4739 1794 4806 Proverbia
1815 4756 1886 4803 cum
1905 4675 1963 4802 du·

373 4847 481 4924 Bonsoi
500 4845 637 4906 Salomon
659 4845 706 4923 fil.
726 4843 823 4922 Pinna
843 4839 967 4902 Gallus·
997 4837 1110 4901 Sonci·
1164 4837 1257 4920 plici,
1277 4827 1458 4896 Gersonidis
1477 4843 1513 4890 ac
1570 4827 1661 4892 eirii,
1682 4820 1929 4884 Commentario.

309 4942 438 4992 oensem
470 4921 642 4988 editionem
673 4921 817 4986 81144814
848 4919 1025 5004 appeniniat
1056 4934 1107 4978 444.
1212 4919 1333 4976 ¹Danaa
1353 4915 1424 4973 Aba.
1443 4907 1483 4986 ej.
1502 4905 1601 4980 lilius,
1620 4899 1771 4976 maschii,
1791 4917 1845 4964 444
1874 4895 1966 4961 14441-

314 5003 430 5075 sabaa
451 5005 538 5066 414114
570 5007 777 5086 expurgavit,
807 5005 900 5096 eique
921 4994 1108 5060 laudationis
1165 4992 1291 5078 ligentis
1311 4989 1407 5055 titulo
1437 4985 1682 5050 condecoratus;
1714 4977 1808 5044 Prov·
1840 4991 1966 5040 44444444

312 5101 438 5150 carmen
457 5099 492 5146 et
511 5082 713 5165 epigraphem
738 5081 886 5156 subiecit.
918 5077 1031 5138 Petens
1049 5071 1109 5136 de·
1165 5069 1317 5160 disposuit
1335 5083 1369 5134 et
1390 5067 1563 5152 impressit.

314 5163 387 5228 inde
406 5163 585 5244 Neapolim,
606 5161 743 5244 plagulas
761 5159 812 5222 hic
832 5152 1012 5222 emendavit
1023 5153 1108 5218 Cho-
1225 5157 1336 5230 Elimas
1348 5151 1396 5230 fii.
1417 5149 1549 5210 Aiansa.
1580 5137 1717 5204 Produnt
1748 5135 1819 5214 4144
1848 5153 1963 5199 nomen

316 5241 380 5307 vid
400 5244 579 5304 allevavbah
600 5247 671 5302 anni
694 5259 787 5320 4494.
1164 5231 1298 5295 initiales
1317 5230 1460 5293 acrostici
1481 5223 1624 5288 carminis
1651 5219 1720 5282 lore
1740 5215 1821 5279 deni
1845 5213 1943 5290 4487.

377 5327 487 5403 0841444
501 5323 580 5396 filius
594 5323 814 5384 tamaianam
827 5317 1016 5378 Germanus.
1036 5309 1109 5390 Ejus
1223 5315 1335 5388 8114444
1346 5309 1392 5387 fil.
1403 5305 1562 5368 Samuelis.
1582 5294 1781 5362 Mainsotsldis
1795 5293 1851 5360 lad
1863 5311 1966 5358 emen·

314 5422 388 5546 118
406 5393 1111 5546 iitlbllttlttltiuilil‘tffl
1165 5377 1965 5555 111111411111141144414

1703 5585 1741 5650 Ω3
