5146 7094
686 707 762 758 tta
1091 683 1460 756 ANNALES
1510 681 1860 754 Heu-Ture

676 883 778 950 sunt,
807 881 842 936 et
871 863 1032 936 Mantuae
1059 855 1201 965 quidem
1241 884 1381 950 omnes,
1410 856 1469 935 ubi
1528 855 1638 932 modis
1665 854 1854 932 illustribus
1883 853 1939 931 vel
1968 851 2156 964 splendidis
2187 877 2224 932 ut
2244 845 2326 964 pro-

675 1001 770 1072 cetto
800 979 866 1076 jam
908 971 1108 1078 exprioris
1151 971 1243 1050 illius
1277 970 1355 1048 libri
1392 972 1471 1078 epi·
1529 993 1667 1052 moveat
1697 969 1801 1046 libros
1822 968 1967 1076 saphiris
1991 969 2224 1074 pretiosiores.
2255 977 2325 1044 An·

677 1087 808 1196 graphe
828 1086 955 1163 scimus
969 1085 1065 1164 illum
1085 1085 1353 1196 typographiam
1371 1111 1469 1161 suam
1528 1111 1596 1160 nou
1627 1106 1676 1160 est
1703 1084 1777 1190 ipse
1805 1081 1967 1158 domiuus
1997 1081 2241 1160 R.‘hbraham
2271 1089 2326 1164 Je-

675 1203 809 1280 fixisse.
845 1206 969 1277 Nostra
1008 1200 1092 1276 haec
1130 1199 1264 1276 duabus
1298 1199 1470 1276 columnis
1521 1187 1621 1275 ¹diditi
1650 1195 1817 1289 Ezrachl,
1857 1221 1963 1303 quern
1993 1201 2086 1272 Deus
2117 1221 2252 1288 servet,
2280 1195 2327 1271 de

675 1341 726 1394 est
755 1313 942 1422 disposita,
981 1313 1155 1420 quaelibet
1195 1339 1277 1390 uero
1308 1313 1469 1391 columna
1527 1311 1697 1403 Colonia,
1726 1313 1786 1418 qui
1825 1337 1880 1385 me
1922 1310 2075 1386 accersiit
2114 1333 2152 1386 ιιι
2192 1311 2327 1386 socium

673 1429 773 1507 lineis
791 1457 869 1526 42,
890 1430 1067 1504 character
1096 1426 1184 1502 idem
1214 1427 1275 1534 qui
1298 1427 1332 1504 iu
1353 1428 1467 1504 Orach
1529 1453 1584 1500 me
1615 1424 1662 1501 illi
1691 1423 1915 1533 adjungerem
1946 1423 1990 1501 ad
2030 1419 2227 1500 faciendum
2257 1421 2327 1498 hoc

673 1541 824 1632 chaiim,
850 1543 990 1618 eaedem
1019 1541 1152 1616 litterae
1181 1539 1366 1646 quadratae
1396 1567 1467 1616 ma·
1523 1565 1640 1646 opus,
1681 1565 1771 1644 opus
1821 1560 2005 1625 sanetum,
2034 1541 2138 1639 juxta
2181 1563 2325 1614 uranum

673 1661 762 1760 jores
791 1657 917 1764 quibus
956 1656 1086 1733 exarati
1113 1679 1193 1730 sunt
1231 1653 1397 1733 librorum
1427 1680 1467 1731 ac
1523 1652 1580 1730 vel
1608 1652 1777 1729 auxilium
1804 1651 1868 1727 Dei
1897 1655 2072 1758 optimum
2110 1676 2214 1757 super
2244 1645 2328 1725 nte?

672 1772 863 1848 sectionum
894 1769 1005 1844 tituli.
1053 1769 1129 1845 Sub
1158 1769 1340 1844 exordium
1372 1794 1469 1876 prae·
1525 1771 1621 1866 Deus
1663 1763 1904 1844 misericordiis
1931 1767 2000 1842 suis
2041 1763 2330 1872 magnis'diguos

671 1883 828 1972 sationis,
859 1909 976 1988 aqua
1016 1907 1104 1990 opus
1133 1881 1284 1988 incipit,
1311 1881 1467 1988 amplum
1524 1879 1626 1958 faciat
1656 1906 1719 1956 nos
1758 1879 1920 1986 perficere
1962 1877 2058 1986 quod
2088 1877 2299 1955 intendimus
2311 1929 2334 1967 ,-

671 1999 820 2104 spatium
863 1995 1047 2104 relinquit,
1088 2021 1160 2101 quo
1210 1997 1319 2102 prima
1360 1995 1467 2072 dictio
1524 1993 1774 2100 confirmetque
1803 1991 1837 2070 iu
1861 1979 2115 2069 nobistextutn
2141 1991 2238 2068 illurn
2261 1991 2324 2097 qui

670 2133 740 2188 ‘mn
769 2135 886 2187 oruata
917 2109 971 2186 vel
1012 2112 1104 2216 picta
1133 2107 1282 2185 debebat
1311 2136 1469 2217 compre·
1524 2109 1672 2213 scriptus
1712 2131 1785 2197 est,
1822 2111 1916 2181 dabit
1961 2113 2025 2182 ribi
2061 2111 2239 2182 secundum
2270 2131 2328 2178 cor

670 2225 798 2302 luendi.
826 2225 1030 2335 Pagluatum
1060 2221 1173 2310 tituli,
1211 2223 1396 2315 custodeS,
1423 2225 1468 2300 si·
1524 2247 1620 2295 tuum
1650 2248 1682 2295 et
1711 2249 1805 2294 omne
1834 2225 2010 2295 consilium
2040 2247 2135 2296 tuum
2167 2225 2326 2316 adimple·

599 2360 601 2366 ’
669 2362 834 2448 gnaturae
882 2337 1030 2422 desunt,
1065 2333 1225 2441 foliisque
1273 2335 1466 2415 absolvitur
1523 2339 1600 2410 bit.
1630 2338 1679 2408 lta
1709 2333 1757 2409 illi
1787 2333 1915 2440 placeat
1945 2388 1985 2422 „.

670 2455 775 2548 408,
800 2479 841 2528 ac
868 2449 1023 2556 sequenti
1055 2447 1264 2558 typographi
1293 2451 1464 2526 clausula:
1605 2451 1742 2524 Praeter
1772 2448 1860 2522 hauc
1890 2447 1997 2524 varias
2024 2444 2107 2522 alias
2144 2445 2188 2523 ad
2217 2449 2321 2524 finem

665 2559 755 2644 ‘nult
783 2560 868 2642 'mn
895 2561 993 2642 nebu
1012 2584 1101 2639 roan
1120 2557 1207 2640 ‘nna
1235 2583 1370 2638 :aunan
1397 2587 1464 2641 usn
1520 2560 1703 2660 cujuslibet
1751 2560 1829 2637 libri
1871 2561 2019 2638 auctoris
2057 2558 2165 2636 editio
2206 2583 2317 2638 serrat

670 2700 786 2759 rma:
827 2700 930 2756 urum
974 2697 1081 2754 teman
1122 2695 1180 2772 nar
1224 2697 1313 2758 nurus
1352 2699 1463 2765 mour
1519 2676 1745 2784 epigraphes,
1773 2701 1863 2780 quae
1891 2701 2029 2780 tempus
2052 2675 2240 2780 respiciunt
2260 2701 2320 2750 eo·
2382 2661 2386 2666 ’

666 2788 730 2876 ‘aaa
757 2814 869 2870 uantur*
894 2812 987 2869 :a'ct
1029 2812 1132 2870 nuum
1153 2786 1156 2791 ’
1175 2787 1237 2868 ultr
1267 2840 1278 2861 ·
1304 2789 1463 2887 wo-nlp
1520 2815 1598 2865 rum
1626 2789 1906 2894 compositionis.
1944 2791 2054 2865 Prima
2084 2790 2229 2864 Genesis
2258 2813 2318 2864 se-

667 2927 759 2984 ·tsort
798 2929 834 2984 rtt
862 2903 1021 2982 :raum
1047 2899 1160 2980 ‘matt'b
1188 2925 1246 2980 nat
1273 2924 1343 2982 tutu
1373 2897 1463 2983 ‘nsm
1519 2902 1590 2978 ctio
1632 2902 1760 2980 dicitur
1800 2901 1955 2978 absoluta
1998 2927 2089 2976 anno
2135 2903 2184 2976 88
2227 2901 2319 2978 sexti

665 3016 798 3100 tnlxmt
840 3016 967 3105 minei
1013 3037 1152 3098 mutum
1194 3015 1352 3094 *nbtnun
1390 3039 1463 3095 'tarn
1520 3015 1720 3108 millenarii,
1765 3016 1896 3123 integer
1939 3016 2027 3092 libet
2067 3018 2243 3092 Geneseos
2284 3038 2320 3092 et

665 3155 796 3215 namn
823 3155 893 3210 *aar
933 3151 1041 3208 unna
1081 3127 1190 3208 tn'run
1229 3151 1372 3207 munem
1399 3153 1462 3226 opu
1519 3127 1661 3206 Exodus
1690 3156 1743 3206 an.
1773 3147 1860 3228 90,
1888 3128 2029 3206 Numeri
2068 3155 2109 3204 ac
2137 3134 2319 3206 Deutero-

669 3267 733 3323 tur
765 3241 939 3344 nonnoni
970 3261 1080 3320 ouant
1118 3263 1221 3321 'taam
1258 3261 1326 3328 :tn
1352 3236 1463 3320 ‘'nin-t
1521 3242 1678 3320 notuium
1709 3269 1764 3320 an.
1792 3245 1867 3342 98.
1895 3248 1995 3344 Quae
2024 3268 2145 3318 ornnes
2173 3242 2318 3351 epigra-

663 3350 785 3438 ‘rtnou
814 3354 883 3455 'upa
913 3353 996 3434 ‘nno
1033 3353 1144 3436 nuru
1182 3376 1316 3433 ιιι-ιιι)
1346 3377 1460 3435 :aaa
1520 3355 1606 3462 phes
1634 3382 1702 3431 nou
1734 3356 1838 3434 modo
1879 3356 1915 3432 in
1945 3383 2024 3432 mss.
2057 3355 2232 3431 nonnullis
2259 3381 2318 3432 co·

664 3464 722 3551 ‘tls'
751 3495 864 3550 tantm
896 3491 1013 3570 rx'tss't'
1046 3477 1181 3576 ,mnan
1219 3463 1292 3546 'naa
1318 3460 1364 3545 'tn
1393 3469 1460 3546 tebet
1516 3467 1673 3560 dicibus,
1706 3495 1744 3546 ut
1775 3497 1852 3546 meo
1890 3497 1901 3547 t
1914 3495 1964 3572 57
1996 3467 2161 3576 aliisque,
2189 3468 2318 3576 legun-

663 3605 726 3670 tntt
755 3584 902 3686 qnotmb
941 3604 1005 3679 nnp
1033 3606 1079 3660 nn
1118 3580 1170 3659 ’bn
1197 3604 1268 3660 run
1308 3580 1458 3678 nortorps
1518 3606 1593 3670 tur,
1621 3581 1679 3659 sed
1710 3609 1743 3660 et
1775 3586 1808 3660 ln
1838 3584 1989 3661 editione
2021 3587 2153 3660 Veneta
2184 3586 2320 3658 Corne-

661 3692 730 3778 ἰιι-ι
757 3719 809 3776 'm
839 3719 935 3795 turp-t
963 3695 1080 3773 nante
1109 3694 1250 3772 naalon
1278 3719 1339 3774 ruet
1368 3693 1460 3780 'rttttb
1517 3694 1553 3772 lii
1583 3693 1784 3773 Adelkiudii
1823 3698 1903 3774 anni
1940 3717 2067 3796 1547,
2109 3697 2153 3772 ita
2187 3719 2226 3771 ut
2256 3696 2321 3770 mi-

661 3834 732 3890 nse
762 3810 890 3890 mittan
919 3833 1011 3886 nani
1039 3806 1117 3904 tuni
1143 3829 1241 3888 :tun
1269 3807 1322 3892 *bu
1351 3831 1460 3888 tranunt
1518 3835 1571 3885 ter
1602 3811 1825 3888 vehementer
1855 3815 1888 3888 in
1919 3811 2047 3890 Wolfio
2077 3809 2169 3887 nulla
2198 3837 2318 3886 earum

661 3921 757 4004 ‘mart
785 3949 848 4022 nup
889 3923 968 4006 mitt
1009 3943 1118 4019 :repta
1155 3943 1274 4000 notun
1312 3923 1461 4006 :bamb
1519 3923 1659 4030 vestigia
1690 3925 1851 4030 reperiri,
1882 3927 1941 4031 qui
1986 3923 2070 3999 illud
2102 3950 2207 4000 uuum
2240 3949 2323 3998 mo-

662 4061 727 4134 ιιιι
755 4061 799 4117 tr*
838 4061 881 4134 pt
909 4038 987 4115 nin*
1022 4058 1114 4129 trtstt
1150 4033 1203 4114 ln
1241 4033 1322 4128 taba
1349 4036 1385 4129 ab
1413 4057 1461 4129 ιιι
1518 4060 1576 4112 net
1605 4063 1649 4112 ex
1680 4039 1805 4114 Ganzii
1834 4037 1902 4114 fide
1931 4067 1970 4115 ac
2010 4038 2205 4114 testimonio
2234 4042 2321 4113 Pen-

660 4154 805 4243 „Dicit
837 4153 1008 4229 Abraham
1051 4154 1203 4226 Conatus
1231 4152 1321 4227 filius
1349 4151 1461 4226 domi·
1518 4153 1723 4228 tateuchum
1753 4151 1981 4228 Gersonident
2011 4150 2199 4226 absolvisse
2226 4177 2319 4228 anuo

661 4270 696 4345 ni
726 4273 766 4342 R.
796 4268 990 4344 Salomonis
1019 4265 1140 4340 Conari
1171 4265 1280 4341 felicis
1306 4263 1462 4340 recorda·
1522 4287 1655 4363 5090,
1695 4263 1819 4340 Christi
1858 4291 1982 4368 1330·
2027 4263 2133 4366 Quod
2174 4262 2219 4340 de
2244 4268 2321 4367 ejus

661 4383 790 4466 tionis,
832 4405 1012 4487 promotus
1050 4379 1213 4453 minimus
1248 4404 1370 4453 eorum
1398 4377 1459 4484 qui
1519 4403 1634 4484 parte,
1665 4402 1703 4456 ut
1733 4377 1908 4465 vidimus,
1936 4405 2057 4457 verum
2087 4404 2163 4466 est,
2191 4375 2236 4452 de
2267 4379 2320 4453 iu-

660 4493 884 4574 rabbinorum
907 4495 989 4570 socii
1011 4491 1211 4580 initiantur,
1242 4491 1360 4568 multis
1378 4494 1460 4566 seri·
1518 4513 1615 4598 tegro
1636 4491 1875 4568 Pentateucho
1897 4491 2135 4569 falsissimum.
2158 4496 2228 4567 Nos
2249 4491 2321 4566 siu·

660 4607 747 4682 bens
774 4605 912 4682 calamis
939 4605 1068 4713 absque
1110 4603 1181 4680 ullo
1209 4605 1296 4680 miro
1332 4631 1458 4712 opere.
1516 4604 1614 4710 gulas
1652 4607 1946 4714 compositionum
1975 4605 2125 4714 epochas
2158 4605 2320 4681 omnium

660 4717 847 4796 extollatur
876 4719 1036 4795 domiuus
1078 4715 1285 4824 beneplaciti
1313 4721 1373 4824 qui
1400 4715 1459 4794 ds·-
1516 4719 1718 4794 Gersonidis
1756 4746 1927 4828 opetum,
1965 4746 2054 4825 quae
2082 4745 2101 4796 a
2131 4719 2322 4828 bibliogra-

660 4859 769 4942 gnum
811 4857 866 4906 me
903 4831 984 4908 fecit
1021 4832 1171 4937 incipere
1210 4854 1245 4907 et
1283 4829 1459 4907 absolvere
1516 4830 1596 4938 phis
1619 4832 1675 4908 vel
1707 4833 1877 4940 profunde
1908 4833 2133 4942 ignorantur,
2162 4832 2218 4912 vel
2247 4859 2321 4909 ma-

654 4941 787 5025 'librum
827 4944 942 5033 hunc,
969 4971 1074 5050 quem
1110 4971 1176 5054 ego
1213 4944 1457 5050 perficiendum
1515 4944 1548 5022 le
1579 4946 1796 5040 referuntur,
1824 4973 1869 5024 ex
1898 4948 1998 5025 certis
2026 4971 2224 5024 nostrorum
2253 4973 2323 5022 co-

660 5061 781 5142 curavi
816 5061 864 5136 ob
892 5059 1132 5136 excellentiam
1161 5063 1259 5161 ejus,
1289 5082 1324 5133 et
1363 5059 1460 5134 utill—
1516 5057 1635 5135 dicum
1679 5061 1769 5136 notis
1809 5059 2037 5170 producimus
2066 5060 2109 5138 ad
2152 5059 2232 5138 cod.
2260 5087 2326 5138 no·

660 5199 791 5265 tatem,
821 5174 1055 5280 eximiamque
1080 5171 1366 5282 magnificentiam
1388 5199 1462 5249 am·
1516 5199 1627 5251 strum
1656 5201 1733 5274 47,
1764 5199 1809 5252 ex
1848 5175 1975 5282 quibus
2004 5201 2120 5282 aperte
2161 5201 2202 5252 ac
2233 5175 2326 5251 vali-

660 5285 844 5397 plitndinis
883 5288 973 5363 illius
1011 5288 1046 5363 in
1085 5287 1302 5394 expositione
1333 5287 1460 5362 verbo·
1516 5286 1653 5366 dissime
1683 5289 1874 5377 refutatur,
1901 5285 1998 5396 quod
2019 5289 2063 5365 de
2089 5287 2241 5366 breviori
2261 5315 2324 5364 au·

652 5431 738 5480 ¹rum
770 5403 852 5512 legis
881 5401 1017 5480 divinae
1045 5427 1127 5479 cum
1157 5401 1231 5478 viro
1261 5403 1399 5509 egregio
1419 5428 1458 5478 ac
1517 5403 1623 5480 ctoris
1653 5402 1760 5478 nostrl
1787 5405 1876 5492 ,rita
1915 5429 2086 5479 annorum
2128 5429 2177 5506 32
2217 5401 2323 5480 tradit

658 5542 787 5626 genere
833 5516 1049 5608 clarissimo,
1089 5516 1150 5626 qui
1192 5513 1356 5594 sollicitus
1407 5540 1459 5594 est
1516 5521 1689 5595 Luzzatus
1717 5519 1753 5593 iu
1783 5517 1899 5595 italico
1928 5541 2034 5624 opere
2066 5521 2121 5592 De
2149 5538 2241 5592 statu
2264 5524 2323 5599 Ju-
