5222 7090
772 731 848 804 DE
884 733 1006 804 ΗΕΒ.
1063 735 1179 807 ΤΥΡ.
1218 735 1445 807 ORIGINE
1843 751 1941 812 ⁴XX!

292 903 556 1032 quandoque
587 905 871 1028 typographi,
892 901 1088 1030 quando·

292 1067 378 1160 que
410 1057 656 1124 correctorrs
702 1032 775 1122 vel
807 1032 925 1123 docti
957 1030 1088 1124 edito-

291 1164 348 1252 ris
380 1159 642 1271 admonitio,
674 1163 720 1250 in
754 1195 839 1286 qun
881 1159 1087 1252 editiones
1184 1141 1242 1214 Aa
1270 1161 1318 1214 cx
1343 1146 1481 1234 optimis
1510 1142 1678 1215 codicibus
1706 1165 1902 1236 expressae·
1987 1190 1997 1196 -

292 1291 403 1414 ipsas
445 1321 610 1382 summo
639 1323 693 1381 se·
716 1288 861 1382 studio
903 1322 951 1382 ac
982 1288 1088 1379 dili·
1242 1275 1309 1370 Ex
1342 1281 1649 1406 praestantibus
1682 1313 1791 1374 vero
1815 1281 1940 1375 codi-

288 1419 433 1542 gentia
474 1421 703 1511 correxisse
747 1442 970 1510 testantur.
1021 1415 1085 1508 Ex
1143 1403 1265 1498 cibus
1297 1439 1347 1498 ac
1379 1408 1517 1500 bonae
1550 1435 1675 1501 notae
1707 1415 1939 1538 generatim

291 1548 342 1636 iis
380 1543 482 1637 solis
519 1578 628 1671 quae
671 1546 758 1641 ulla
798 1549 1087 1674 insigniuntur
1144 1562 1327 1628 vetustas
1360 1569 1407 1628 ac
1439 1535 1651 1662 primarias
1671 1564 1832 1632 nostras
1848 1540 1939 1632 edl-

287 1673 550 1802 epigraphe‚
592 1674 737 1768 saltem
779 1677 958 1804 viginti,
989 1708 1089 1801 qua.
1143 1665 1282 1755 tiones
1324 1697 1413 1758 esse
1456 1667 1645 1776 haustas,
1688 1701 1742 1758 ex
1774 1667 1940 1795 duplici

288 1835 378 1892 rum
412 1823 563 1928 agmen
595 1804 760 1898 ducunt
794 1801 911 1896 Pent.
945 1801 1087 1896 Bono.
1143 1788 1266 1884 fonte
1297 1823 1490 1886 constare
1522 1794 1625 1886 olim
1646 1795 1815 1888 anobis
1847 1802 1938 1888 ani-

286 1932 443 2022 niensis
482 1927 603 2046 1482
634 1960 678 2026 et
699 1933 842 2025 Tract.
868 1930 1084 2025 Beracbth
1117 1920 1408 2018 *madversuar
1438 1949 1529 2037 est,¹
1550 1923 1752 2016 videlicet
1772 1950 1860 2016 turn
1881 1957 1937 2018 ex

286 2091 353 2150 an.
399 2056 553 2176 1484,
595 2061 742 2154 collati
791 2061 914 2188 hujus
951 2061 1082 2152 studii
1139 2050 1508 2179 typographorum
1562 2079 1605 2144 et
1658 2080 1942 2145 correctorum

286 2183 415 2280 fidem
436 2185 599 2282 faciunt
616 2191 926 2317 amplissimam.
946 2187 1082 2310 Quod
1140 2181 1419 2298 testimoniis,
1457 2206 1549 2272 tum
1589 2215 1641 2272 ex
1685 2178 1799 2274 facto
1842 2185 1938 2307 ipso

178 2407 183 2418 ,
284 2339 426 2408 tamen
474 2349 564 2408 non
608 2318 721 2410 idem
763 2318 820 2411 ab
862 2317 1083 2431 omnibus,
1140 2337 1183 2398 et
1231 2309 1482 2401 conditione
1533 2311 1792 2403 editionum.
1847 2321 1938 2402 At·

285 2473 365 2535 nec
405 2449 453 2535 in
497 2445 697 2538 omnibus
743 2446 945 2538 collatum
990 2473 1082 2538 est.
1141 2470 1225 2563 que
1257 2471 1306 2528 ea
1330 2437 1503 2565 quidem
1525 2441 1766 2532 testimonia
1795 2466 1938 2566 aperte

286 2571 396 2662 Sunt
443 2576 554 2664 inter
604 2606 673 2664 eas
726 2577 1081 2685 accuratissime,
1138 2561 1427 2692 praeseferunt
1461 2568 1605 2660 Orach
1649 2568 1804 2658 chailm
1838 2572 1938 2662 anni
2021 2649 2023 2654 Α

285 2725 386 2790 sunt
418 2703 555 2794 minus
585 2729 947 2812 accuratac,sunt
967 2735 1082 2794 men-
1147 2688 1291 2809 1485,
1323 2692 1561 2820 Prophetae
1590 2698 1748 2821 priOres
1788 2691 1936 2812 1486,

285 2825 444 2940 dosae‚
475 2854 523 2920 ut
552 2857 653 2923 sunt
683 2835 795 2926 inter
833 2865 926 2924 mss.
968 2831 1084 2924 codi·
1140 2821 1445 2915 Nachmanidis
1477 2823 1643 2915 Comm·
1677 2851 1720 2915 et
1753 2821 1938 2916 Maimo-

284 2987 384 3064 ces,
426 2985 606 3082 quorum
653 2959 805 3052 menda
853 2963 889 3053 si
937 2993 1081 3053 eorum
1140 2950 1252 3041 nidis
1294 2947 1378 3048 Jad
1426 2986 1492 3043 an.
1532 2975 1655 3070 1490
1669 3017 1686 3056 2·
1712 2980 1755 3045 et
1803 2952 1939 3043 editio

193 3133 197 3144 ·
285 3089 713 3209 praestantiac‚usui,
734 3091 973 3181 auctoritati
992 3121 1081 3178 non
1137 3081 1227 3205 ipsa
1263 3078 1391 3173 Psalt.
1428 3081 1576 3200 1487„
1611 3087 1654 3172 in
1687 3115 1767 3207 qua
1800 3080 1938 3172 adsui

282 3212 478 3327 obstant,
508 3249 638 3342 quare
669 3215 902 3309 obstabunt
934 3241 1082 3308 aucto·
1137 3213 1446 3301 excusationem
1479 3213 1759 3337 conqueritur
1801 3243 1942 3300 corre·

284 3342 398 3433 ritati
430 3373 473 3436 et
505 3347 596 3436 usui
629 3349 897 3472 antiquarum
932 3346 1081 3437 editio-
1137 3362 1229 3428 ctor
1260 3367 1476 3431 accuratos
1508 3339 1678 3432 codices
1711 3372 1801 3429 non
1840 3335 1941 3429 fuis·

283 3473 417 3562 num?
466 3470 634 3566 Etenim
677 3479 955 3567 accuratiores
998 3475 1081 3598 ipsi
1137 3501 1181 3560 sc
1237 3494 1461 3592 repertos,
1514 3470 1660 3592 prodit
1713 3501 1786 3560 eos
1836 3465 1939 3559 fuis·

283 3599 451 3693 codices
485 3603 755 3729 meliorisque
801 3630 927 3696 notae
959 3635 1081 3696 erro·
1137 3630 1181 3689 se
1213 3595 1402 3690 studiose
1450 3602 1736 3723 conquisitos,
1777 3594 1938 3690 confir-

282 3729 400 3821 ribus
422 3763 510 3822 non
532 3758 629 3823 sunt
659 3735 878 3839 immunes,
900 3757 948 3823 ut
970 3757 1080 3824 recte
1137 3749 1310 3850 matque
1353 3755 1565 3850 receptam
1604 3727 1812 3820 editorum
1847 3730 1938 3852 ejus

281 3887 426 3948 monet
447 3857 582 3951 adsui
603 3863 913 3952 excusationem
933 3858 1081 3950 Sonci-
1138 3857 1284 3946 aetatis
1325 3859 1485 3979 praxim
1519 3857 1710 3985 eligendi
1748 3881 1935 3947 correcta
2028 3973 2029 3978 Ν

281 3987 422 4076 nensis
438 3988 698 4115 typograph.
716 3990 901 4112 priorum
919 3986 1082 4113 Proph.
1138 3983 1396 4109 archetypa.
1431 3978 1546 4078 Vide
1580 4010 1781 4077 annotata
1815 3982 1868 4074 ad
1890 3982 1941 4073 il·

288 4111 437 4228 1486,
457 4148 505 4205 ac
524 4113 1083 4241 librumullumreperiresi·
1138 4111 1214 4204 lud
1240 4109 1404 4204 ¹Psalt..
1436 4111 1546 4204 Sanc
1578 4119 1614 4204 si
1646 4112 1692 4205 id
1724 4108 1938 4206 faciebant

277 4271 334 4331 ne
368 4274 507 4334 errore
541 4271 612 4334 aut
644 4242 801 4335 mendo
835 4244 1078 4335 miraculum
1140 4244 1185 4330 in
1217 4239 1535 4332 conscribendis
1576 4275 1668 4332 mss·
1707 4273 1938 4332 amanuen-

278 4369 495 4494 quoddam
530 4398 615 4464 est.
654 4369 940 4464 Consuevisse
971 4405 1079 4496 por·
1136 4402 1227 4476 scs,
1259 4403 1283 4460 a
1316 4365 1482 4460 fortiori
1525 4373 1570 4461 in
1604 4371 1655 4460 iis
1687 4371 1804 4498 typis
1838 4366 1937 4460 vul-

275 4529 325 4587 ro
355 4499 543 4624 singulos
562 4497 858 4626 Hebraeorum
878 4527 1079 4629 typogra·
1135 4497 1286 4625 gandia
1318 4493 1455 4592 facere
1485 4496 1703 4591 debebant
1736 4525 1938 4628 typogra-

275 4623 412 4749 phos,
447 4659 495 4720 ut
530 4658 684 4722 ceteras
719 4632 941 4741 nationes,
979 4661 1077 4720 suos
1136 4625 1235 4753 phi.
1269 4621 1434 4720 Verum
1465 4627 1572 4756 quid
1605 4628 1855 4720 testimoniis
1901 4633 1933 4720 i·

274 4755 386 4876 apud
409 4789 452 4848 se
469 4783 725 4850 correctores
746 4756 926 4868 habere,
945 4760 1077 4848 ruani-
1134 4759 1209 4850 stis
1255 4789 1457 4884 egemus,
1498 4789 1607 4886 quae
1639 4757 1830 4884 pendent
1880 4793 1937 4852 ex

275 4877 378 4978 feste
401 4912 518 5011 patet
541 4919 595 4979 ex
620 4885 757 5010 Neap.
786 4886 1077 5012 Agiogtaphis
1135 4884 1310 4977 aliorum
1344 4885 1506 5012 judicio
1537 4919 1666 5014 saepe
1695 4891 1862 4980 incerto
1892 4919 1935 4981 et

273 5014 1076 5130 an.1487.Atterrdendaestautem
1134 5009 1310 5107 fallaci?
1357 5012 1492 5142 Saepe
1523 5050 1705 5142 namque
1749 5021 1823 5146 qui
1856 5015 1935 5108 bo—

271 5173 365 5232 mss.
382 5143 597 5256 codicum,
631 5177 737 5270 quos
762 5143 974 5237 editiones
1006 5176 1078 5235 ert·
1134 5175 1213 5235 nae
1264 5169 1390 5238 notae
1435 5145 1575 5237 codex
1618 5148 1692 5236 uni
1737 5146 1936 5257 videtur,

271 5273 484 5393 primunt,
505 5275 613 5364 ratio
634 5299 678 5366 et
698 5271 914 5384 conditio,
947 5297 991 5362 et
1020 5304 1076 5363 ex
1132 5304 1222 5364 nort
1248 5272 1417 5366 videtur
1452 5273 1598 5385 alteri,
1641 5280 1720 5400 qui
1763 5272 1935 5370 Judaeo

271 5400 352 5490 hac
374 5399 427 5492 de
449 5435 593 5493 earum
612 5405 888 5527 praestantia,
920 5395 1079 5492 utilita·
1135 5404 1341 5526 optimus,
1361 5405 1408 5494 -is
1431 5398 1674 5494 Christiano
1692 5407 1840 5494 critico
1861 5401 1939 5491 de-

271 5554 314 5622 te
347 5555 390 5620 et
415 5563 493 5621 usu
528 5530 823 5656 judicandum.
1139 5529 1296 5645 terior,
1328 5530 1405 5624 ille
1437 5563 1491 5625 ex
1522 5529 1772 5624 secundario
1791 5557 1834 5626 et
1863 5533 1939 5620 im-

1423 970 1466 1095 §.
1517 1003 1665 1062 xxtt
