5222 7090
718 689 764 764 to
1037 799 1040 806 ¹
1132 687 1499 766 Annnras
1554 689 1905 792 namra.

708 919 731 960 „
762 863 889 975 Populi
918 863 1023 942 nostri
1064 864 1100 940 in
1129 863 1285 943 seculum
1326 861 1431 941 seculi
1460 887 1496 941 et

823 982 857 1058 in
886 1005 1007 1056 omnes
1034 981 1285 1086 generationes.

662 1151 665 1158 ·
706 1147 730 1187 „
758 1094 896 1170 Discere
924 1115 960 1169 et
997 1091 1145 1179 docere,
1176 1089 1349 1168 custodire
1375 1111 1412 1166 et
1430 1086 1495 1167 xla·

713 1257 715 1262 .
820 1193 919 1298 cere,
947 1229 982 1282 et
1011 1205 1213 1281 confirmare

707 1375 729 1411 „
757 1327 872 1398 Omne
900 1317 1061 1425 quodin
1091 1318 1132 1394 iis
1159 1318 1415 1424 scriptumest,
1436 1312 1494 1390 di-

713 1481 716 1490 «
820 1461 905 1542 gnos
933 1431 1035 1508 faciat
1064 1457 1126 1508 nos
1152 1430 1311 1508 conditor
1332 1430 1492 1506 omniurn

819 1571 1050 1625 creaturarum
1067 1601 1077 1621 .

790 1715 812 1748 „
842 1663 964 1765 Sitque
993 1659 1181 1738 amoenitas
1210 1655 1267 1735 vel
1294 1655 1394 1734 favor
1422 1659 1494 1732 Do·

704 1770 791 1851 nrini
831 1775 896 1850 Dei
931 1776 1036 1849 nostri
1079 1799 1182 1881 super
1224 1797 1311 1858 nos,
1339 1793 1375 1846 et
1401 1797 1491 1877 opus

679 1901 872 1964 'mannum
903 1910 1094 1964 nostrarum
1123 1913 1227 1994 super
1252 1909 1315 1960 nos
1342 1881 1490 1992 dirigat.

703 2003 799 2076 Deus
828 2002 1025 2076 misereatur
1051 2001 1157 2077 nostri
1177 2024 1212 2076 et
1231 1995 1411 2074 benedicat
1429 2023 1491 2072 no·

703 2113 773 2189 bis.
803 2112 991 2221 Splenderc
1022 2113 1123 2190 faciat
1150 2113 1289 2190 vultum
1306 2135 1408 2188 suum
1429 2136 1492 2186 no·

703 2223 837 2302 hiscum
859 2229 893 2302 in
916 2227 1056 2333 opificio
1085 2252 1248 2304 manuum
1276 2250 1490 2302 nostrarum.

703 2341 795 2438 Quia
824 2341 987 2418 secundat
1015 2365 1078 2416 nos
1106 2341 1140 2415 iu
1168 2339 1265 2416 omni
1288 2339 1491 2414 extensione

702 2477 869 2530 manuum
902 2479 1091 2532 nostrarum
1117 2481 1138 2530 a
1169 2455 1338 2560 principio
1374 2474 1492 2528 nostro

702 2591 813 2671 usque
841 2566 887 2644 ad
909 2571 1015 2646 finem
1041 2593 1213 2645 nostrum.
1238 2570 1303 2644 Die
1321 2590 1378 2642 xx
1395 2589 1490 2639 mert-

701 2679 745 2754 sis
773 2678 854 2756 elltll
884 2682 963 2757 anni
996 2709 1073 2784 237
1101 2681 1313 2788 completum
1333 2701 1489 2783 estopns

701 2818 877 2870 nostrum.
912 2799 1005 2872 Deus
1035 2793 1204 2871 fortitudo
1233 2818 1347 2872 nostra
1376 2792 1489 2868 accel-

702 2905 788 2983 leret
818 2906 1074 3016 redemptorem
1105 2933 1259 2984 nostrum
1275 2908 1345 2985 cito
1363 2907 1396 2980 in
1415 2903 1488 2980 die·

699 3018 766 3096 bus
795 3021 935 3098 nostris.
964 3025 1021 3102 Sic
1049 3023 1150 3098 enixe
1179 3045 1301 3131 rogant
1323 3019 1405 3096 artis
1421 3016 1488 3093 hu·

697 3139 754 3237 jus
781 3158 976 3242 operatores
1005 3137 1060 3212 vel
1090 3133 1230 3240 opifices
1259 3134 1415 3240 magister
1431 3138 1487 3225 ln

698 3246 786 3353 seph
829 3249 999 3334 Veneria,
1028 3247 1194 3339 Chaiim,
1237 3245 1486 3324 Mardochaeus

698 3365 733 3436 et
761 3359 925 3437 Ezechias
968 3365 1106 3439 Montro
1153 3360 1210 3438 vel
1251 3364 1412 3436 Monatro
1441 3413 1485 3446 „.

698 3477 769 3548 Ter
797 3473 950 3579 sequitur
979 3473 1056 3570 pho
1086 3479 1245 3550 Finitus.
1273 3472 1404 3548 lsthaec
1432 3500 1486 3548 ar·

698 3584 831 3662 cilicum
860 3587 1066 3694 cognomina
1105 3587 1154 3662 ob
1182 3585 1273 3663 varia
1310 3610 1399 3691 qnae
1426 3585 1487 3662 ad·

697 3701 843 3776 mittunt
873 3698 1024 3791 vocalia,
1054 3700 1184 3778 variam
1213 3697 1399 3775 admittunt
1427 3699 1481 3776 le-

697 3811 868 3888 ctionem.
885 3811 1034 3894 Iudaeus
1049 3815 1109 3919 qui
1127 3814 1186 3890 uni
1203 3837 1249 3886 ex
1269 3814 1353 3888 meis
1364 3837 1482 3894 exem·

697 3924 851 4032 pleribus
879 3924 1027 4002 italicam
1056 3950 1173 4002 notam
1203 3925 1399 4030 praemisit,
1421 3952 1484 4032 po·

695 4063 863 4115 stremum
893 4039 980 4115 illud
1010 4039 1117 4116 tribus
1146 4038 1372 4147 typographis
1389 4045 1478 4144 ejus·

695 4149 778 4228 dem
807 4151 955 4228 limiliae
983 4178 1169 4229 commune
1197 4151 1279 4259 legit
1309 4156 1484 4229 Monatro.
1534 4155 1639 4232 altera
1674 4153 1786 4243 hau,
1825 4149 1870 4228 de
1911 4178 1979 4258 qua
2021 4155 2250 4228 Keunicottus
2292 4152 2328 4226 in

694 4271 742 4342 At
770 4291 854 4342 vero
881 4291 985 4372 super
1014 4290 1187 4373 postremo
1215 4293 1281 4342 vau
1310 4266 1478 4374 exiguum

694 4404 865 4484 punctum
893 4379 1135 4484 conspicitur,
1165 4377 1261 4484 quod
1302 4404 1366 4484 pro
1395 4381 1480 4454 cho·

695 4491 763 4567 letn
794 4491 913 4568 haberi
954 4494 1099 4598 nequit,
1134 4515 1169 4567 et
1198 4515 1249 4567 est
1293 4491 1480 4596 proculdu-

695 4604 755 4679 bio
784 4607 919 4711 signum
952 4605 1170 4682 abbreviatae
1201 4603 1256 4678 vel
1284 4605 1480 4682 decurtatae

1552 863 1686 972 paucis,
1714 862 1749 939 in
1777 887 1804 940 v
1821 859 2166 954 libros‘dividunmr,
2185 890 2338 970 quorum

1551 975 1739 1074 exordium
1783 1003 1822 1052 ac
1860 977 1936 1052 linis
1974 973 2198 1086 designatur.
2238 979 2343 1054 Liber

1552 1091 1684 1199 primus
1710 1088 1855 1196 explicit
1883 1089 2043 1188 f01.47‚
2071 1089 2242 1167 secundus
2268 1093 2344 1190 78,

1549 1204 1671 1281 tertius
1702 1205 1778 1301 98,
1806 1227 1949 1308 quartus
1985 1209 2085 1290 118,
2116 1203 2262 1308 quintus
2281 1203 2343 1278 fol.

1557 1341 1654 1418 153,
1680 1342 1741 1393 seu
1771 1341 1946 1424 postremo
1960 1341 2095 1394 verso.
2125 1322 2262 1394 Textus
2281 1343 2341 1392 ne·

1548 1427 1718 1539 gligenter
1743 1427 1953 1536 impressus,
1981 1429 2136 1517 litterae,
2157 1429 2264 1507 verba
2281 1428 2342 1508 ali·.

1548 1542 1689 1648 quando
1715 1544 1866 1630 omissa,
1894 1541 2068 1618 interdum
2099 1543 2224 1650 integri
2255 1569 2339 1620 ver-

1547 1681 1628 1746 sus,
1656 1682 1719 1732 nec
1747 1655 1899 1732 Kimchii
1938 1657 2217 1732 Commentarius
2247 1668 2337 1731 rect'e

1547 1795 1681 1876 semper
1709 1769 1913 1876 respondet.
1955 1768 2022 1846 Sed
2063 1795 2101 1846 ut
2130 1797 2176 1846 e-tt
2206 1795 2336 1876 germa-

1546 1883 1625 1962 nico
1652 1883 1844 1988 exemplati
1862 1881 2066 1990 desumptus
2082 1907 2152 1972 est,
2178 1880 2335 1990 pluribus

1547 1997 1648 2075 variis
1675 1995 1879 2074 lectionibus
1919 1995 2099 2087 abundat,
2136 1999 2223 2074 inter
2251 2021 2336 2102 quas

1546 2113 1715 2218 insignes,
1744 2110 1935 2216 pretiosae,
1964 2113 2105 2188 unicae.
2138 2109 2223 2186 Psal.
2241 2133 2335 2186 xvrrr

1550 2251 1599 2324 27
1629 2247 1665 2301 et
1698 2247 1746 2320 32
1778 2224 1876 2300 unica
1905 2247 1959 2300 est
1989 2249 2101 2301 nostra
2130 2223 2216 2299 haec
2246 2222 2338 2330 prin·

1545 2364 1627 2446 ceps
1654 2335 1765 2414 editio
1792 2341 1827 2415 in
1870 2336 1980 2414 tribus
2017 2335 2194 2415 servandis
2238 2337 2336 2413 variis

1545 2450 1751 2529 lectionibus
1793 2449 1861 2527 loci
1898 2449 2052 2556 paralleli
2097 2447 2268 2527 Samuelis
2296 2476 2336 2526 ac

1547 2567 1720 2643 variorum
1749 2564 1934 2652 codicum,
1961 2589 2060 2642 xxvr
2093 2593 2113 2660 7
2147 2563 2247 2640 unica
2272 2564 2333 2639 ite-

1544 2707 1623 2757 rum
1653 2673 1783 2756 iurata
1811 2678 1959 2754 lectione
1988 2677 2118 2765 muna,
2145 2705 2252 2782 quam
2275 2702 2336 2754 ert·

1543 2793 1666 2870 hibent
1686 2790 1848 2898 perpauci
1863 2793 1929 2866 mei
1951 2790 2111 2882 codices,
2128 2813 2227 2879 rxx,
2248 2789 2332 2868 Vul-

1542 2932 1664 3015 gatus,
1692 2903 2071 2993 Arabs„erRabboth,
2088 2928 2167 2982 nxrt
2195 2931 2239 2978 ια
2261 2904 2335 2980 nni-

1541 3047 1583 3098 ca
1621 3023 1657 3097 in
1699 3017 1847 3127 legendo
1892 3017 2016 3124 plurali
2056 3017 2165 3094 verbo
2205 3038 2335 3103 nana,

1541 3133 1637 3240 quod
1666 3135 1870 3210 confirmant
1910 3131 2166 3206 Keunicottiani
2195 3129 2332 3206 codices

1544 3246 1728 3338 undecim,
1758 3247 1825 3322 mei
1864 3243 2049 3333 tredecim,
2088 3241 2240 3320 Talmud
2271 3247 2335 3318 Ba·

1542 3361 1733 3438 bilonicum
1772 3381 1807 3436 et
1836 3359 1971 3450 Arabs,
2008 3359 2107 3436 unica
2138 3357 2227 3433 Psal.
2255 3379 2333 3432 cxx

1544 3477 1568 3550 6
1598 3477 1632 3552 in
1661 3474 1808 3552 lectione
1838 3493 1939 3563 *trram
1980 3498 2086 3576 quam
2123 3474 2331 3580 exprimunt

1541 3591 1684 3666 Keunic.
1725 3613 1898 3694 quatuor,
1928 3585 1998 3660 mei
2027 3583 2203 3686 totidem,
2235 3607 2330 3672 rxtr,

1540 3707 1669 3809 Syrus,
1693 3701 1821 3789 Arabs,
1837 3699 2026 3807 Vulgatus.
2055 3703 2113 3774 Est
2128 3721 2162 3774 et
2176 3697 2330 3803 aliquan·

1537 3815 1585 3892 do
1615 3817 1713 3893 unica
1742 3819 1815 3890 sine
1844 3839 1946 3904 mss,
1974 3837 2011 3889 nt
2039 3813 2126 3888 Psal.
2156 3836 2242 3888 xxrr
2283 3837 2328 3886 ro

1539 3929 1574 4004 in
1602 3930 1750 4006 lectione
1778 3949 1884 4017 trun,
1915 3951 2020 4032 quam
2037 3949 2331 4001 commemoratae

1535 4068 1657 4120 omnes
1688 4042 1859 4118 versiones
1899 4042 2044 4125 sistunt,
2078 4063 2113 4114 et
2144 4067 2178 4115 v.
2213 4065 2262 4142 30
2295 4039 2326 4112 in

1536 4270 1624 4346 Diss.
1653 4267 1805 4375 generali
1834 4265 1878 4342 ad
1906 4265 1984 4343 cod.
2019 4291 2127 4363 255,
2155 4293 2227 4370 qno
2256 4266 2330 4340 edi·
2368 4364 2371 4370 Ι

1536 4385 1587 4484 tio
1616 4407 1729 4459 nostra
1761 4383 1795 4456 in
1836 4385 1908 4486 eJus
1935 4379 2119 4456 collatione
2150 4377 2333 4454 innuitur.

1536 4500 1631 4572 Haec
1674 4494 1718 4571 de
1757 4520 1854 4570 sacro
1885 4518 2004 4568 textu.
2047 4492 2153 4592 Quod
2194 4513 2332 4598 spectat

1537 4634 1621 4686 vero
1649 4607 1692 4684 ad
1722 4607 1873 4683 Kimchii
1902 4603 2222 4696 Commentarinm,
2241 4604 2270 4680 is
2296 4605 2330 4679 in
2358 4611 2364 4616 ’

693 4716 878 4805 dictionis,
896 4742 933 4794 ut
961 4743 1011 4793 est
1032 4722 1066 4795 in
1087 4717 1254 4825 superiori
1273 4705 1478 4805 ‘bastarna
1533 4723 1598 4799 hac
1627 4747 1741 4798 nostra
1769 4719 1920 4796 editione
1960 4746 2010 4796 est
2040 4719 2259 4827 plenissimus
2290 4739 2324 4794 et

691 4823 796 4907 ‘’nitt.
825 4833 925 4905 Forte
953 4857 1036 4937 ergo
1064 4831 1250 4938 legendum
1280 4835 1477 4919 Montross,
1533 4835 1794 4943 integerrimus,
1822 4860 1860 4910 ea
1874 4827 1996 4910 'onmia
2016 4835 2224 4911 adamussim
2242 4857 2327 4908 con-

695 4941 751 5021 vel
780 4945 981 5030 Monteros,
1016 4944 1070 5019 vel
1106 4944 1475 5050 Monatros,haecque
1533 4949 1646 5025 tineus
1673 4977 1761 5055 quae
1790 4949 1926 5023 Christo
1962 4975 2004 5023 ac
2032 4947 2240 5026 christianae
2273 4970 2325 5020 re·

695 5079 753 5131 aut
781 5054 845 5130 alia
872 5056 1057 5132 consimilis
1077 5056 1189 5133 littera
1205 5057 1398 5164 supplenda
1416 5085 1480 5133 no·

694 5170 747 5246 bis
775 5168 912 5276 ignota,
941 5169 998 5244 sed
1029 5195 1112 5247 tnnc
1141 5171 1338 5256 notissima,
1363 5172 1479 5247 utun-

694 5305 830 5392 regrum
859 5309 898 5358 ac
933 5308 1065 5359 certum
1104 5283 1386 5360 habeatur‘illud
1416 5312 1479 5360 no·

1534 5061 1652 5162 ligioni
1697 5063 1948 5146 adversantur,
1999 5060 2034 5134 in
2083 5059 2332 5136 recentioribus

1535 5176 1699 5252 omnibus
1743 5201 1881 5251 summo
1917 5173 2034 5252 studio
2076 5196 2247 5249 resecata.
2276 5173 2333 5248 Sic

1534 5287 1576 5365 ad
1605 5288 1689 5364 Psal.
1720 5313 1748 5364 rt
1786 5315 1831 5363 12
1851 5291 1960 5366 multa
1982 5285 2040 5363 hic
2060 5290 2204 5392 reperiet
2228 5286 2326 5361 theo·

695 5423 798 5474 men.
840 5396 964 5473 Psalmi
993 5401 1027 5474 in
1071 5396 1136 5472 hac
1165 5397 1336 5485 editione,
1373 5421 1411 5473 ut
1438 5399 1477 5474 fit
1537 5401 1635 5508 logus
1654 5401 1814 5477 adversus
1835 5429 1903 5478 nos
1917 5402 2108 5507 disputata,
2135 5425 2224 5506 quae
2247 5425 2327 5506 spe·

696 5510 730 5586 itt
768 5509 842 5586 aliis
870 5510 958 5588 bene
1003 5511 1120 5588 multis
1162 5511 1262 5588 etin
1303 5536 1381 5588 mss.
1412 5537 1483 5587 non
1538 5514 1674 5592 ciminis
1695 5515 1800 5623 gratia
1830 5515 2032 5620 subjicimus
2066 5513 2170 5591 latine
2208 5539 2334 5592 versa.
