<?xml version="1.0" encoding="UTF-8"?>
<!DOCTYPE html PUBLIC "-//W3C//DTD XHTML 1.0 Transitional//EN"
    "http://www.w3.org/TR/xhtml1/DTD/xhtml1-transitional.dtd">
<html xmlns="http://www.w3.org/1999/xhtml" xml:lang="en" lang="en">
 <head>
  <title>
</title>
<meta http-equiv="Content-Type" content="text/html;charset=utf-8" />
  <meta name='ocr-system' content='tesseract 3.04.00' />
  <meta name='ocr-capabilities' content='ocr_page ocr_carea ocr_par ocr_line ocrx_word'/>
</head>
<body>
  <div class='ocr_page' id='page_1' title='image "./annaleshebraeot00rossgoog_0163.png"; bbox 0 0 5146 7094; ppageno 0'>
   <div class='ocr_carea' id='block_1_1' title="bbox 798 628 1482 708">
    <p class='ocr_par' dir='ltr' id='par_1_1' title="bbox 798 628 1482 708">
     <span class='ocr_line' id='line_1_1' title="bbox 798 628 1482 708; baseline -0.009 -3"><span class='ocrx_word' id='word_1_1' title='bbox 798 629 1010 706; x_wconf 83' lang='lat' dir='ltr'><em>PARS</em></span> <span class='ocrx_word' id='word_1_2' title='bbox 1067 628 1482 708; x_wconf 79' lang='lat' dir='ltr'><em>SECUNDA</em></span> 
     </span>
    </p>
   </div>
   <div class='ocr_carea' id='block_1_2' title="bbox 228 801 1951 5572">
    <p class='ocr_par' dir='ltr' id='par_1_2' title="bbox 285 801 1608 936">
     <span class='ocr_line' id='line_1_2' title="bbox 285 801 1608 936; baseline -0.004 -50"><span class='ocrx_word' id='word_1_3' title='bbox 285 829 357 886; x_wconf 89' lang='lat' dir='ltr'>rata</span> <span class='ocrx_word' id='word_1_4' title='bbox 386 829 437 884; x_wconf 87' lang='lat' dir='ltr'>est</span> <span class='ocrx_word' id='word_1_5' title='bbox 476 803 603 895; x_wconf 89' lang='lat' dir='ltr'>editio,</span> <span class='ocrx_word' id='word_1_6' title='bbox 647 829 716 880; x_wconf 92' lang='lat' dir='ltr'>non</span> <span class='ocrx_word' id='word_1_7' title='bbox 746 805 871 891; x_wconf 87' lang='lat' dir='ltr'>CPoli,</span> <span class='ocrx_word' id='word_1_8' title='bbox 908 828 949 882; x_wconf 90' lang='lat' dir='ltr'>trt</span> <span class='ocrx_word' id='word_1_9' title='bbox 977 801 1079 882; x_wconf 78' lang='lat' dir='ltr'>tradit</span> <span class='ocrx_word' id='word_1_10' title='bbox 1130 845 1135 856; x_wconf 93' lang='lat'><em>·</em></span> <span class='ocrx_word' id='word_1_11' title='bbox 1460 863 1608 936; x_wconf 60' lang='lat' dir='ltr'>XXII</span> 
     </span>
    </p>

    <p class='ocr_par' dir='ltr' id='par_1_3' title="bbox 288 916 1080 1027">
     <span class='ocr_line' id='line_1_3' title="bbox 288 916 1080 1027; baseline -0.011 -26"><span class='ocrx_word' id='word_1_12' title='bbox 288 922 509 1006; x_wconf 82' lang='lat' dir='ltr'>Plantavitius</span> <span class='ocrx_word' id='word_1_13' title='bbox 538 920 573 994; x_wconf 93' lang='lat' dir='ltr'>in</span> <span class='ocrx_word' id='word_1_14' title='bbox 603 916 769 996; x_wconf 87' lang='lat' dir='ltr'>Bibliotlr.</span> <span class='ocrx_word' id='word_1_15' title='bbox 796 917 891 996; x_wconf 90' lang='lat' dir='ltr'>rabb.</span> <span class='ocrx_word' id='word_1_16' title='bbox 920 947 955 1027; x_wconf 88' lang='lat' dir='ltr'>p.</span> <span class='ocrx_word' id='word_1_17' title='bbox 987 920 1080 1017; x_wconf 80' lang='lat'>617.</span> 
     </span>
    </p>

    <p class='ocr_par' dir='ltr' id='par_1_4' title="bbox 228 1023 1951 5342">
     <span class='ocr_line' id='line_1_4' title="bbox 285 1023 1932 1140; baseline -0.002 -30"><span class='ocrx_word' id='word_1_18' title='bbox 285 1040 384 1134; x_wconf 83' lang='lat' dir='ltr'>Quae</span> <span class='ocrx_word' id='word_1_19' title='bbox 415 1058 450 1110; x_wconf 88' lang='lat' dir='ltr'>et</span> <span class='ocrx_word' id='word_1_20' title='bbox 486 1035 585 1111; x_wconf 87' lang='lat' dir='ltr'>unica</span> <span class='ocrx_word' id='word_1_21' title='bbox 624 1057 696 1121; x_wconf 86' lang='lat' dir='ltr'>est,</span> <span class='ocrx_word' id='word_1_22' title='bbox 733 1031 830 1140; x_wconf 89' lang='lat' dir='ltr'>quod</span> <span class='ocrx_word' id='word_1_23' title='bbox 859 1032 987 1121; x_wconf 91' lang='lat' dir='ltr'>sciam,</span> <span class='ocrx_word' id='word_1_24' title='bbox 1014 1031 1079 1107; x_wconf 90' lang='lat' dir='ltr'>htt·</span> <span class='ocrx_word' id='word_1_25' title='bbox 1225 1037 1404 1110; x_wconf 78' lang='lat' dir='ltr'>Tractatus</span> <span class='ocrx_word' id='word_1_26' title='bbox 1433 1037 1636 1106; x_wconf 77' lang='lat' dir='ltr'>ratmadrcas</span> <span class='ocrx_word' id='word_1_27' title='bbox 1664 1033 1775 1130; x_wconf 60' lang='lat' dir='ltr'>Betpd</span> <span class='ocrx_word' id='word_1_28' title='bbox 1795 1023 1863 1106; x_wconf 55' lang='lat' dir='ltr'>&#39;set</span> <span class='ocrx_word' id='word_1_29' title='bbox 1894 1037 1932 1107; x_wconf 81' lang='lat' dir='ltr'>dt</span> 
     </span>
     <span class='ocr_line' id='line_1_5' title="bbox 278 1145 1935 1252; baseline 0.001 -30"><span class='ocrx_word' id='word_1_30' title='bbox 278 1151 334 1252; x_wconf 85' lang='lat' dir='ltr'>jus</span> <span class='ocrx_word' id='word_1_31' title='bbox 362 1145 627 1233; x_wconf 86' lang='lat' dir='ltr'>Commentatii,</span> <span class='ocrx_word' id='word_1_32' title='bbox 655 1173 695 1223; x_wconf 90' lang='lat' dir='ltr'>ac</span> <span class='ocrx_word' id='word_1_33' title='bbox 723 1151 999 1224; x_wconf 82' lang='lat' dir='ltr'>Commentarius</span> <span class='ocrx_word' id='word_1_34' title='bbox 1026 1145 1079 1250; x_wconf 90' lang='lat' dir='ltr'>ip·</span> <span class='ocrx_word' id='word_1_35' title='bbox 1136 1152 1214 1224; x_wconf 77' lang='lat' dir='ltr'>Oro</span> <span class='ocrx_word' id='word_1_36' title='bbox 1252 1175 1326 1222; x_wconf 87' lang='lat' dir='ltr'>cum</span> <span class='ocrx_word' id='word_1_37' title='bbox 1373 1153 1615 1224; x_wconf 80' lang='lat' dir='ltr'>Commentario</span> <span class='ocrx_word' id='word_1_38' title='bbox 1652 1149 1780 1240; x_wconf 75' lang='lat' dir='ltr'>Rosci,</span> <span class='ocrx_word' id='word_1_39' title='bbox 1825 1151 1935 1228; x_wconf 82' lang='lat' dir='ltr'>Tost-</span> 
     </span>
     <span class='ocr_line' id='line_1_6' title="bbox 282 1260 1936 1369; baseline 0 -31"><span class='ocrx_word' id='word_1_40' title='bbox 282 1283 319 1338; x_wconf 85' lang='lat' dir='ltr'>se</span> <span class='ocrx_word' id='word_1_41' title='bbox 350 1261 471 1346; x_wconf 82' lang='lat' dir='ltr'>unicus</span> <span class='ocrx_word' id='word_1_42' title='bbox 501 1260 605 1364; x_wconf 85' lang='lat' dir='ltr'>hujus</span> <span class='ocrx_word' id='word_1_43' title='bbox 643 1261 813 1351; x_wconf 88' lang='lat' dir='ltr'>auctoris,</span> <span class='ocrx_word' id='word_1_44' title='bbox 841 1261 900 1369; x_wconf 88' lang='lat' dir='ltr'>qni</span> <span class='ocrx_word' id='word_1_45' title='bbox 930 1262 965 1338; x_wconf 89' lang='lat' dir='ltr'>in</span> <span class='ocrx_word' id='word_1_46' title='bbox 994 1264 1081 1336; x_wconf 89' lang='lat' dir='ltr'>Nea·</span> <span class='ocrx_word' id='word_1_47' title='bbox 1133 1264 1258 1356; x_wconf 79' lang='lat' dir='ltr'>pittlrlr,</span> <span class='ocrx_word' id='word_1_48' title='bbox 1278 1266 1385 1337; x_wconf 75' lang='lat' dir='ltr'>Piska</span> <span class='ocrx_word' id='word_1_49' title='bbox 1406 1264 1590 1358; x_wconf 71' lang='lat' dir='ltr'>receptat,</span> <span class='ocrx_word' id='word_1_50' title='bbox 1612 1283 1645 1332; x_wconf 83' lang='lat' dir='ltr'>et</span> <span class='ocrx_word' id='word_1_51' title='bbox 1666 1263 1878 1354; x_wconf 81' lang='lat' dir='ltr'>Mordeclttli,</span> <span class='ocrx_word' id='word_1_52' title='bbox 1900 1273 1936 1337; x_wconf 88' lang='lat' dir='ltr'>itt</span> 
     </span>
     <span class='ocr_line' id='line_1_7' title="bbox 282 1373 1775 1484; baseline -0.001 -35"><span class='ocrx_word' id='word_1_53' title='bbox 282 1373 447 1482; x_wconf 85' lang='lat' dir='ltr'>politanis</span> <span class='ocrx_word' id='word_1_54' title='bbox 490 1373 719 1484; x_wconf 80' lang='lat' dir='ltr'>Agiographis</span> <span class='ocrx_word' id='word_1_55' title='bbox 762 1375 806 1452; x_wconf 87' lang='lat' dir='ltr'>sit</span> <span class='ocrx_word' id='word_1_56' title='bbox 844 1398 1014 1462; x_wconf 82' lang='lat' dir='ltr'>excusus,</span> <span class='ocrx_word' id='word_1_57' title='bbox 1041 1399 1081 1450; x_wconf 91' lang='lat' dir='ltr'>ac</span> <span class='ocrx_word' id='word_1_58' title='bbox 1132 1377 1198 1471; x_wconf 75' lang='lat' dir='ltr'>fhl.</span> <span class='ocrx_word' id='word_1_59' title='bbox 1227 1379 1366 1448; x_wconf 75' lang='lat' dir='ltr'>Sontini</span> <span class='ocrx_word' id='word_1_60' title='bbox 1392 1398 1467 1448; x_wconf 80' lang='lat' dir='ltr'>ante</span> <span class='ocrx_word' id='word_1_61' title='bbox 1496 1403 1550 1462; x_wconf 70' lang='lat' dir='ltr'>cn.</span> <span class='ocrx_word' id='word_1_62' title='bbox 1579 1390 1775 1448; x_wconf 80' lang='lat' dir='ltr'>mccccxc.</span> 
     </span>
     <span class='ocr_line' id='line_1_8' title="bbox 283 1487 1933 1597; baseline -0.003 -33"><span class='ocrx_word' id='word_1_63' title='bbox 283 1513 464 1596; x_wconf 88' lang='lat' dir='ltr'>perperam</span> <span class='ocrx_word' id='word_1_64' title='bbox 516 1513 709 1597; x_wconf 86' lang='lat' dir='ltr'>propterea</span> <span class='ocrx_word' id='word_1_65' title='bbox 753 1489 890 1592; x_wconf 75' lang='lat' dir='ltr'>conjicit</span> <span class='ocrx_word' id='word_1_66' title='bbox 932 1488 1079 1567; x_wconf 85' lang='lat' dir='ltr'>Wolfius</span> <span class='ocrx_word' id='word_1_67' title='bbox 1220 1492 1382 1562; x_wconf 86' lang='lat' dir='ltr'>Testatur</span> <span class='ocrx_word' id='word_1_68' title='bbox 1410 1487 1643 1564; x_wconf 90' lang='lat' dir='ltr'>Barroloccius</span> <span class='ocrx_word' id='word_1_69' title='bbox 1672 1509 1755 1562; x_wconf 82' lang='lat' dir='ltr'>tona.</span> <span class='ocrx_word' id='word_1_70' title='bbox 1782 1511 1824 1564; x_wconf 90' lang='lat' dir='ltr'>tu</span> <span class='ocrx_word' id='word_1_71' title='bbox 1854 1513 1933 1596; x_wconf 84' lang='lat' dir='ltr'>pag.</span> 
     </span>
     <span class='ocr_line' id='line_1_9' title="bbox 283 1597 1934 1706; baseline -0.001 -28"><span class='ocrx_word' id='word_1_72' title='bbox 283 1602 369 1679; x_wconf 88' lang='lat' dir='ltr'>alios</span> <span class='ocrx_word' id='word_1_73' title='bbox 400 1600 584 1678; x_wconf 88' lang='lat' dir='ltr'>nonnullos</span> <span class='ocrx_word' id='word_1_74' title='bbox 613 1602 702 1679; x_wconf 87' lang='lat' dir='ltr'>forre</span> <span class='ocrx_word' id='word_1_75' title='bbox 735 1604 767 1680; x_wconf 87' lang='lat' dir='ltr'>ei</span> <span class='ocrx_word' id='word_1_76' title='bbox 795 1629 865 1680; x_wconf 90' lang='lat' dir='ltr'>esse</span> <span class='ocrx_word' id='word_1_77' title='bbox 903 1601 1078 1678; x_wconf 85' lang='lat' dir='ltr'>vindican-</span> <span class='ocrx_word' id='word_1_78' title='bbox 1138 1601 1217 1698; x_wconf 88' lang='lat'>762</span> <span class='ocrx_word' id='word_1_79' title='bbox 1258 1600 1396 1706; x_wconf 90' lang='lat' dir='ltr'>reperiri</span> <span class='ocrx_word' id='word_1_80' title='bbox 1441 1602 1475 1676; x_wconf 92' lang='lat' dir='ltr'>in</span> <span class='ocrx_word' id='word_1_81' title='bbox 1520 1597 1731 1676; x_wconf 83' lang='lat' dir='ltr'>bibliotheca</span> <span class='ocrx_word' id='word_1_82' title='bbox 1769 1602 1934 1678; x_wconf 87' lang='lat' dir='ltr'>Vaticana</span> 
     </span>
     <span class='ocr_line' id='line_1_10' title="bbox 282 1713 1934 1820; baseline -0.001 -28"><span class='ocrx_word' id='word_1_83' title='bbox 282 1715 370 1792; x_wconf 87' lang='lat' dir='ltr'>dos.</span> <span class='ocrx_word' id='word_1_84' title='bbox 415 1720 598 1820; x_wconf 79' lang='lat' dir='ltr'>Perpetem</span> <span class='ocrx_word' id='word_1_85' title='bbox 626 1718 659 1792; x_wconf 88' lang='lat' dir='ltr'>ei</span> <span class='ocrx_word' id='word_1_86' title='bbox 689 1715 961 1794; x_wconf 81' lang='lat' dir='ltr'>Commentarios</span> <span class='ocrx_word' id='word_1_87' title='bbox 990 1716 1023 1790; x_wconf 89' lang='lat' dir='ltr'>in</span> <span class='ocrx_word' id='word_1_88' title='bbox 1055 1739 1081 1790; x_wconf 83' lang='lat' dir='ltr'>v</span> <span class='ocrx_word' id='word_1_89' title='bbox 1135 1714 1224 1790; x_wconf 89' lang='lat' dir='ltr'>inter</span> <span class='ocrx_word' id='word_1_90' title='bbox 1268 1713 1404 1791; x_wconf 89' lang='lat' dir='ltr'>codices</span> <span class='ocrx_word' id='word_1_91' title='bbox 1443 1713 1618 1792; x_wconf 87' lang='lat' dir='ltr'>hebraicos</span> <span class='ocrx_word' id='word_1_92' title='bbox 1657 1715 1839 1820; x_wconf 89' lang='lat' dir='ltr'>impressos</span> <span class='ocrx_word' id='word_1_93' title='bbox 1868 1715 1934 1790; x_wconf 91' lang='lat' dir='ltr'>sub</span> 
     </span>
     <span class='ocr_line' id='line_1_11' title="bbox 283 1826 1935 1924; baseline -0.002 -19"><span class='ocrx_word' id='word_1_94' title='bbox 283 1828 441 1924; x_wconf 87' lang='lat' dir='ltr'>libellos,</span> <span class='ocrx_word' id='word_1_95' title='bbox 469 1829 669 1918; x_wconf 85' lang='lat' dir='ltr'>Danielem,</span> <span class='ocrx_word' id='word_1_96' title='bbox 697 1829 838 1907; x_wconf 85' lang='lat' dir='ltr'>Esdram</span> <span class='ocrx_word' id='word_1_97' title='bbox 866 1857 907 1906; x_wconf 90' lang='lat' dir='ltr'>ac</span> <span class='ocrx_word' id='word_1_98' title='bbox 932 1829 1081 1906; x_wconf 88' lang='lat' dir='ltr'>Chroni-</span> <span class='ocrx_word' id='word_1_99' title='bbox 1136 1853 1232 1904; x_wconf 90' lang='lat' dir='ltr'>num.</span> <span class='ocrx_word' id='word_1_100' title='bbox 1268 1851 1311 1924; x_wconf 81' lang='lat'>15</span> <span class='ocrx_word' id='word_1_101' title='bbox 1345 1826 1433 1904; x_wconf 86' lang='lat' dir='ltr'>duos</span> <span class='ocrx_word' id='word_1_102' title='bbox 1461 1827 1597 1905; x_wconf 87' lang='lat' dir='ltr'>codices</span> <span class='ocrx_word' id='word_1_103' title='bbox 1627 1826 1840 1904; x_wconf 87' lang='lat' dir='ltr'>talmudicos</span> <span class='ocrx_word' id='word_1_104' title='bbox 1867 1833 1935 1903; x_wconf 89' lang='lat' dir='ltr'>Be-</span> 
     </span>
     <span class='ocr_line' id='line_1_12' title="bbox 281 1933 1951 2051; baseline -0.002 -31"><span class='ocrx_word' id='word_1_105' title='bbox 281 1970 403 2022; x_wconf 87' lang='lat' dir='ltr'>corum</span> <span class='ocrx_word' id='word_1_106' title='bbox 434 1942 560 2022; x_wconf 89' lang='lat' dir='ltr'>librum</span> <span class='ocrx_word' id='word_1_107' title='bbox 590 1969 709 2051; x_wconf 86' lang='lat' dir='ltr'>reapse</span> <span class='ocrx_word' id='word_1_108' title='bbox 749 1944 904 2022; x_wconf 82' lang='lat' dir='ltr'>vindicat</span> <span class='ocrx_word' id='word_1_109' title='bbox 932 1943 963 2020; x_wconf 88' lang='lat' dir='ltr'>le</span> <span class='ocrx_word' id='word_1_110' title='bbox 993 1948 1082 2018; x_wconf 88' lang='lat' dir='ltr'>Lon·</span> <span class='ocrx_word' id='word_1_111' title='bbox 1139 1940 1257 2018; x_wconf 81' lang='lat' dir='ltr'>raebtlr</span> <span class='ocrx_word' id='word_1_112' title='bbox 1297 1966 1333 2018; x_wconf 93' lang='lat' dir='ltr'>et</span> <span class='ocrx_word' id='word_1_113' title='bbox 1361 1943 1465 2018; x_wconf 72' lang='lat' dir='ltr'>Betza</span> <span class='ocrx_word' id='word_1_114' title='bbox 1504 1968 1584 2018; x_wconf 88' lang='lat' dir='ltr'>cunr</span> <span class='ocrx_word' id='word_1_115' title='bbox 1623 1939 1721 2017; x_wconf 87' lang='lat' dir='ltr'>Rasci</span> <span class='ocrx_word' id='word_1_116' title='bbox 1764 1963 1799 2016; x_wconf 91' lang='lat' dir='ltr'>et</span> <span class='ocrx_word' id='word_1_117' title='bbox 1827 1933 1951 2016; x_wconf 74' lang='lat' dir='ltr'>Tusc-v</span> 
     </span>
     <span class='ocr_line' id='line_1_13' title="bbox 278 2052 1937 2167; baseline -0.003 -31"><span class='ocrx_word' id='word_1_118' title='bbox 278 2061 357 2167; x_wconf 85' lang='lat' dir='ltr'>gius</span> <span class='ocrx_word' id='word_1_119' title='bbox 404 2083 482 2166; x_wconf 87' lang='lat' dir='ltr'>pag.</span> <span class='ocrx_word' id='word_1_120' title='bbox 521 2083 629 2156; x_wconf 87' lang='lat'>712,</span> <span class='ocrx_word' id='word_1_121' title='bbox 670 2056 730 2134; x_wconf 90' lang='lat' dir='ltr'>ubi</span> <span class='ocrx_word' id='word_1_122' title='bbox 772 2080 807 2134; x_wconf 92' lang='lat' dir='ltr'>et</span> <span class='ocrx_word' id='word_1_123' title='bbox 849 2054 938 2134; x_wconf 91' lang='lat' dir='ltr'>rnale</span> <span class='ocrx_word' id='word_1_124' title='bbox 965 2083 1082 2134; x_wconf 88' lang='lat' dir='ltr'>noster</span> <span class='ocrx_word' id='word_1_125' title='bbox 1139 2055 1254 2162; x_wconf 86' lang='lat' dir='ltr'>phhth</span> <span class='ocrx_word' id='word_1_126' title='bbox 1275 2081 1420 2132; x_wconf 87' lang='lat' dir='ltr'>excusos</span> <span class='ocrx_word' id='word_1_127' title='bbox 1440 2057 1579 2133; x_wconf 90' lang='lat' dir='ltr'>Sonciui</span> <span class='ocrx_word' id='word_1_128' title='bbox 1598 2081 1688 2132; x_wconf 92' lang='lat' dir='ltr'>anno</span> <span class='ocrx_word' id='word_1_129' title='bbox 1718 2052 1794 2149; x_wconf 74' lang='lat' dir='ltr'>p&#39;nb</span> <span class='ocrx_word' id='word_1_130' title='bbox 1815 2054 1937 2132; x_wconf 71' lang='lat' dir='ltr'>aau&#39;rrt</span> 
     </span>
     <span class='ocr_line' id='line_1_14' title="bbox 284 2167 1935 2280; baseline -0.004 -30"><span class='ocrx_word' id='word_1_131' title='bbox 284 2171 436 2280; x_wconf 89' lang='lat' dir='ltr'>Sphorni</span> <span class='ocrx_word' id='word_1_132' title='bbox 465 2171 672 2280; x_wconf 86' lang='lat' dir='ltr'>cognomine</span> <span class='ocrx_word' id='word_1_133' title='bbox 701 2171 915 2278; x_wconf 87' lang='lat' dir='ltr'>appellatur,</span> <span class='ocrx_word' id='word_1_134' title='bbox 944 2172 1004 2279; x_wconf 89' lang='lat' dir='ltr'>qui</span> <span class='ocrx_word' id='word_1_135' title='bbox 1030 2197 1080 2248; x_wconf 90' lang='lat' dir='ltr'>re·</span> <span class='ocrx_word' id='word_1_136' title='bbox 1137 2194 1197 2246; x_wconf 85' lang='lat' dir='ltr'>seu</span> <span class='ocrx_word' id='word_1_137' title='bbox 1231 2195 1308 2269; x_wconf 86' lang='lat'>249</span> <span class='ocrx_word' id='word_1_138' title='bbox 1352 2167 1496 2244; x_wconf 89' lang='lat' dir='ltr'>minoris</span> <span class='ocrx_word' id='word_1_139' title='bbox 1533 2170 1816 2276; x_wconf 88' lang='lat' dir='ltr'>supputationis,</span> <span class='ocrx_word' id='word_1_140' title='bbox 1853 2170 1935 2244; x_wconf 86' lang='lat' dir='ltr'>Chr.</span> 
     </span>
     <span class='ocr_line' id='line_1_15' title="bbox 277 2281 1937 2392; baseline -0.001 -32"><span class='ocrx_word' id='word_1_141' title='bbox 277 2287 368 2362; x_wconf 89' lang='lat' dir='ltr'>etius</span> <span class='ocrx_word' id='word_1_142' title='bbox 399 2283 639 2392; x_wconf 89' lang='lat' dir='ltr'>Siphronaeus</span> <span class='ocrx_word' id='word_1_143' title='bbox 668 2309 740 2361; x_wconf 90' lang='lat' dir='ltr'>erat</span> <span class='ocrx_word' id='word_1_144' title='bbox 771 2283 960 2361; x_wconf 86' lang='lat' dir='ltr'>dicendus.</span> <span class='ocrx_word' id='word_1_145' title='bbox 1003 2290 1081 2360; x_wconf 87' lang='lat' dir='ltr'>Per·</span> <span class='ocrx_word' id='word_1_146' title='bbox 1145 2285 1246 2382; x_wconf 82' lang='lat'>1489</span> <span class='ocrx_word' id='word_1_147' title='bbox 1279 2281 1371 2389; x_wconf 88' lang='lat' dir='ltr'>apud</span> <span class='ocrx_word' id='word_1_148' title='bbox 1401 2287 1439 2360; x_wconf 74' lang='lat' dir='ltr'>tt</span> <span class='ocrx_word' id='word_1_149' title='bbox 1469 2282 1688 2359; x_wconf 87' lang='lat' dir='ltr'>Salomonem</span> <span class='ocrx_word' id='word_1_150' title='bbox 1723 2281 1790 2358; x_wconf 89' lang='lat' dir='ltr'>ben</span> <span class='ocrx_word' id='word_1_151' title='bbox 1820 2287 1861 2356; x_wconf 82' lang='lat' dir='ltr'>lt.</span> <span class='ocrx_word' id='word_1_152' title='bbox 1888 2286 1937 2358; x_wconf 86' lang='lat' dir='ltr'>ls-</span> 
     </span>
     <span class='ocr_line' id='line_1_16' title="bbox 280 2395 1934 2506; baseline -0.003 -31"><span class='ocrx_word' id='word_1_153' title='bbox 280 2423 402 2505; x_wconf 90' lang='lat' dir='ltr'>peram</span> <span class='ocrx_word' id='word_1_154' title='bbox 442 2401 548 2482; x_wconf 87' lang='lat' dir='ltr'>eriam</span> <span class='ocrx_word' id='word_1_155' title='bbox 592 2421 714 2474; x_wconf 88' lang='lat' dir='ltr'>auctor</span> <span class='ocrx_word' id='word_1_156' title='bbox 751 2397 913 2506; x_wconf 86' lang='lat' dir='ltr'>Catalogi</span> <span class='ocrx_word' id='word_1_157' title='bbox 953 2397 1082 2474; x_wconf 84' lang='lat' dir='ltr'>biblio·</span> <span class='ocrx_word' id='word_1_158' title='bbox 1139 2395 1269 2473; x_wconf 71' lang='lat' dir='ltr'>tactae</span> <span class='ocrx_word' id='word_1_159' title='bbox 1291 2396 1462 2474; x_wconf 88' lang='lat' dir='ltr'>Soncino.</span> <span class='ocrx_word' id='word_1_160' title='bbox 1491 2397 1546 2472; x_wconf 91' lang='lat' dir='ltr'>De</span> <span class='ocrx_word' id='word_1_161' title='bbox 1576 2420 1721 2475; x_wconf 90' lang='lat' dir='ltr'>tractatu</span> <span class='ocrx_word' id='word_1_162' title='bbox 1743 2395 1934 2484; x_wconf 84' lang='lat' dir='ltr'>Beractltlr,</span> 
     </span>
     <span class='ocr_line' id='line_1_17' title="bbox 277 2508 1937 2620; baseline -0.001 -32"><span class='ocrx_word' id='word_1_163' title='bbox 277 2513 401 2589; x_wconf 88' lang='lat' dir='ltr'>thecae</span> <span class='ocrx_word' id='word_1_164' title='bbox 440 2509 716 2620; x_wconf 82' lang='lat' dir='ltr'>-Oppenheimeri</span> <span class='ocrx_word' id='word_1_165' title='bbox 754 2535 905 2618; x_wconf 87' lang='lat' dir='ltr'>eumque</span> <span class='ocrx_word' id='word_1_166' title='bbox 944 2534 1081 2588; x_wconf 89' lang='lat' dir='ltr'>secutus</span> <span class='ocrx_word' id='word_1_167' title='bbox 1138 2536 1242 2616; x_wconf 89' lang='lat' dir='ltr'>quem</span> <span class='ocrx_word' id='word_1_168' title='bbox 1264 2535 1345 2616; x_wconf 90' lang='lat' dir='ltr'>prae</span> <span class='ocrx_word' id='word_1_169' title='bbox 1363 2508 1521 2586; x_wconf 86' lang='lat' dir='ltr'>manibus</span> <span class='ocrx_word' id='word_1_170' title='bbox 1543 2511 1781 2598; x_wconf 87' lang='lat' dir='ltr'>habebamus,</span> <span class='ocrx_word' id='word_1_171' title='bbox 1799 2509 1937 2591; x_wconf 89' lang='lat' dir='ltr'>nullum</span> 
     </span>
     <span class='ocr_line' id='line_1_18' title="bbox 228 2622 1940 2733; baseline -0.002 -31"><span class='ocrx_word' id='word_1_172' title='bbox 228 2647 235 2660; x_wconf 88' lang='lat'><strong>·</strong></span> <span class='ocrx_word' id='word_1_173' title='bbox 280 2625 683 2733; x_wconf 84' lang='lat' dir='ltr'>Mascbinslocissupra</span> <span class='ocrx_word' id='word_1_174' title='bbox 707 2624 986 2703; x_wconf 88' lang='lat' dir='ltr'>commemoratis</span> <span class='ocrx_word' id='word_1_175' title='bbox 1012 2631 1082 2700; x_wconf 90' lang='lat' dir='ltr'>lm·</span> <span class='ocrx_word' id='word_1_176' title='bbox 1133 2622 1279 2729; x_wconf 88' lang='lat' dir='ltr'>quidem</span> <span class='ocrx_word' id='word_1_177' title='bbox 1310 2649 1382 2700; x_wconf 90' lang='lat' dir='ltr'>erar</span> <span class='ocrx_word' id='word_1_178' title='bbox 1420 2623 1590 2713; x_wconf 86' lang='lat' dir='ltr'>dubium,</span> <span class='ocrx_word' id='word_1_179' title='bbox 1633 2624 1691 2702; x_wconf 90' lang='lat' dir='ltr'>sed</span> <span class='ocrx_word' id='word_1_180' title='bbox 1731 2625 1759 2700; x_wconf 92' lang='lat' dir='ltr'>is</span> <span class='ocrx_word' id='word_1_181' title='bbox 1787 2625 1821 2700; x_wconf 90' lang='lat' dir='ltr'>itt</span> <span class='ocrx_word' id='word_1_182' title='bbox 1853 2649 1940 2700; x_wconf 91' lang='lat' dir='ltr'>neu·</span> 
     </span>
     <span class='ocr_line' id='line_1_19' title="bbox 278 2737 1936 2846; baseline -0.002 -30"><span class='ocrx_word' id='word_1_183' title='bbox 278 2738 433 2826; x_wconf 87' lang='lat' dir='ltr'>manueli</span> <span class='ocrx_word' id='word_1_184' title='bbox 475 2763 592 2817; x_wconf 92' lang='lat' dir='ltr'>nostro</span> <span class='ocrx_word' id='word_1_185' title='bbox 635 2737 865 2816; x_wconf 87' lang='lat' dir='ltr'>attribuerunt</span> <span class='ocrx_word' id='word_1_186' title='bbox 893 2743 1081 2816; x_wconf 86' lang='lat' dir='ltr'>Commen-</span> <span class='ocrx_word' id='word_1_187' title='bbox 1137 2761 1191 2812; x_wconf 94' lang='lat' dir='ltr'>tro</span> <span class='ocrx_word' id='word_1_188' title='bbox 1220 2737 1434 2844; x_wconf 78' lang='lat' dir='ltr'>exemplari,</span> <span class='ocrx_word' id='word_1_189' title='bbox 1475 2763 1555 2814; x_wconf 87' lang='lat' dir='ltr'>meo</span> <span class='ocrx_word' id='word_1_190' title='bbox 1594 2761 1630 2816; x_wconf 92' lang='lat' dir='ltr'>et</span> <span class='ocrx_word' id='word_1_191' title='bbox 1670 2737 1936 2846; x_wconf 91' lang='lat' dir='ltr'>Oppenheitne-</span> 
     </span>
     <span class='ocr_line' id='line_1_20' title="bbox 278 2850 1935 2942; baseline -0.002 -13"><span class='ocrx_word' id='word_1_192' title='bbox 278 2851 404 2930; x_wconf 92' lang='lat' dir='ltr'>tarium</span> <span class='ocrx_word' id='word_1_193' title='bbox 447 2854 594 2930; x_wconf 88' lang='lat' dir='ltr'>alterum</span> <span class='ocrx_word' id='word_1_194' title='bbox 632 2852 667 2928; x_wconf 92' lang='lat' dir='ltr'>in</span> <span class='ocrx_word' id='word_1_195' title='bbox 701 2854 883 2928; x_wconf 88' lang='lat' dir='ltr'>Canticum</span> <span class='ocrx_word' id='word_1_196' title='bbox 926 2852 1080 2930; x_wconf 87' lang='lat' dir='ltr'>cantico·</span> <span class='ocrx_word' id='word_1_197' title='bbox 1134 2851 1256 2942; x_wconf 91' lang='lat' dir='ltr'>riano,</span> <span class='ocrx_word' id='word_1_198' title='bbox 1296 2853 1470 2929; x_wconf 81' lang='lat' dir='ltr'>adnexum</span> <span class='ocrx_word' id='word_1_199' title='bbox 1513 2850 1660 2928; x_wconf 87' lang='lat' dir='ltr'>habebat</span> <span class='ocrx_word' id='word_1_200' title='bbox 1701 2854 1829 2938; x_wconf 83' lang='lat' dir='ltr'>Bctzti,</span> <span class='ocrx_word' id='word_1_201' title='bbox 1870 2875 1935 2926; x_wconf 93' lang='lat' dir='ltr'>nec</span> 
     </span>
     <span class='ocr_line' id='line_1_21' title="bbox 282 2957 1932 3076; baseline -0.002 -32"><span class='ocrx_word' id='word_1_202' title='bbox 282 2992 388 3051; x_wconf 88' lang='lat' dir='ltr'>rum,</span> <span class='ocrx_word' id='word_1_203' title='bbox 423 2969 485 3076; x_wconf 90' lang='lat' dir='ltr'>qni</span> <span class='ocrx_word' id='word_1_204' title='bbox 513 2992 559 3044; x_wconf 81' lang='lat' dir='ltr'>ex</span> <span class='ocrx_word' id='word_1_205' title='bbox 588 2963 710 3042; x_wconf 82' lang='lat' dir='ltr'>eadent</span> <span class='ocrx_word' id='word_1_206' title='bbox 743 2963 894 3042; x_wconf 88' lang='lat' dir='ltr'>editione</span> <span class='ocrx_word' id='word_1_207' title='bbox 922 2963 958 3042; x_wconf 90' lang='lat' dir='ltr'>in</span> <span class='ocrx_word' id='word_1_208' title='bbox 987 2963 1079 3042; x_wconf 89' lang='lat' dir='ltr'>illius</span> <span class='ocrx_word' id='word_1_209' title='bbox 1136 2963 1339 3040; x_wconf 88' lang='lat' dir='ltr'>mendosum</span> <span class='ocrx_word' id='word_1_210' title='bbox 1383 2990 1463 3042; x_wconf 87' lang='lat' dir='ltr'>eum</span> <span class='ocrx_word' id='word_1_211' title='bbox 1500 2957 1628 3043; x_wconf 85' lang='lat' dir='ltr'>annum</span> <span class='ocrx_word' id='word_1_212' title='bbox 1660 2962 1932 3071; x_wconf 83' lang='lat' dir='ltr'>praeseferebat,</span> 
     </span>
     <span class='ocr_line' id='line_1_22' title="bbox 279 3076 1936 3188; baseline -0.003 -32"><span class='ocrx_word' id='word_1_213' title='bbox 279 3077 514 3158; x_wconf 90' lang='lat' dir='ltr'>bibliothecae</span> <span class='ocrx_word' id='word_1_214' title='bbox 544 3079 733 3188; x_wconf 86' lang='lat' dir='ltr'>exemplari</span> <span class='ocrx_word' id='word_1_215' title='bbox 762 3079 983 3156; x_wconf 85' lang='lat' dir='ltr'>serrabatur.</span> <span class='ocrx_word' id='word_1_216' title='bbox 1012 3083 1081 3154; x_wconf 93' lang='lat' dir='ltr'>Ha·</span> <span class='ocrx_word' id='word_1_217' title='bbox 1140 3101 1178 3154; x_wconf 93' lang='lat' dir='ltr'>ut</span> <span class='ocrx_word' id='word_1_218' title='bbox 1207 3076 1250 3152; x_wconf 89' lang='lat' dir='ltr'>ad</span> <span class='ocrx_word' id='word_1_219' title='bbox 1282 3079 1379 3156; x_wconf 90' lang='lat' dir='ltr'>illum</span> <span class='ocrx_word' id='word_1_220' title='bbox 1410 3078 1562 3154; x_wconf 77' lang='lat' dir='ltr'>vidimus</span> <span class='ocrx_word' id='word_1_221' title='bbox 1590 3105 1624 3186; x_wconf 92' lang='lat' dir='ltr'>p.</span> <span class='ocrx_word' id='word_1_222' title='bbox 1650 3105 1722 3180; x_wconf 83' lang='lat'>34.</span> <span class='ocrx_word' id='word_1_223' title='bbox 1751 3082 1804 3154; x_wconf 89' lang='lat' dir='ltr'>Dc</span> <span class='ocrx_word' id='word_1_224' title='bbox 1831 3079 1936 3154; x_wconf 76' lang='lat' dir='ltr'>Retza</span> 
     </span>
     <span class='ocr_line' id='line_1_23' title="bbox 280 3189 1936 3301; baseline -0.003 -31"><span class='ocrx_word' id='word_1_225' title='bbox 280 3192 342 3270; x_wconf 90' lang='lat' dir='ltr'>bet</span> <span class='ocrx_word' id='word_1_226' title='bbox 371 3193 515 3301; x_wconf 89' lang='lat' dir='ltr'>qnidenr</span> <span class='ocrx_word' id='word_1_227' title='bbox 544 3220 658 3272; x_wconf 88' lang='lat' dir='ltr'>noster</span> <span class='ocrx_word' id='word_1_228' title='bbox 695 3216 814 3270; x_wconf 89' lang='lat' dir='ltr'>auctor</span> <span class='ocrx_word' id='word_1_229' title='bbox 842 3192 946 3269; x_wconf 88' lang='lat' dir='ltr'>etiarn</span> <span class='ocrx_word' id='word_1_230' title='bbox 977 3197 1082 3268; x_wconf 83' lang='lat' dir='ltr'>Cont-</span> <span class='ocrx_word' id='word_1_231' title='bbox 1138 3190 1359 3269; x_wconf 77' lang='lat' dir='ltr'>vehementer</span> <span class='ocrx_word' id='word_1_232' title='bbox 1394 3189 1619 3284; x_wconf 88' lang='lat' dir='ltr'>dubitabam,</span> <span class='ocrx_word' id='word_1_233' title='bbox 1658 3193 1770 3270; x_wconf 88' lang='lat' dir='ltr'>donec</span> <span class='ocrx_word' id='word_1_234' title='bbox 1808 3191 1936 3267; x_wconf 89' lang='lat' dir='ltr'>collato</span> 
     </span>
     <span class='ocr_line' id='line_1_24' title="bbox 279 3303 1937 3399; baseline -0.004 -14"><span class='ocrx_word' id='word_1_235' title='bbox 279 3309 493 3388; x_wconf 85' lang='lat' dir='ltr'>mentatium</span> <span class='ocrx_word' id='word_1_236' title='bbox 536 3308 571 3384; x_wconf 94' lang='lat' dir='ltr'>in</span> <span class='ocrx_word' id='word_1_237' title='bbox 609 3306 790 3384; x_wconf 89' lang='lat' dir='ltr'>Canticum</span> <span class='ocrx_word' id='word_1_238' title='bbox 844 3307 1083 3399; x_wconf 88' lang='lat' dir='ltr'>canticorum,</span> <span class='ocrx_word' id='word_1_239' title='bbox 1136 3332 1156 3381; x_wconf 87' lang='lat' dir='ltr'>a</span> <span class='ocrx_word' id='word_1_240' title='bbox 1197 3305 1385 3382; x_wconf 85' lang='lat' dir='ltr'>clarissimis</span> <span class='ocrx_word' id='word_1_241' title='bbox 1420 3306 1501 3384; x_wconf 81' lang='lat' dir='ltr'>viris</span> <span class='ocrx_word' id='word_1_242' title='bbox 1540 3303 1727 3381; x_wconf 86' lang='lat' dir='ltr'>Amadtrtio</span> <span class='ocrx_word' id='word_1_243' title='bbox 1766 3332 1806 3382; x_wconf 90' lang='lat' dir='ltr'>ac</span> <span class='ocrx_word' id='word_1_244' title='bbox 1836 3309 1937 3380; x_wconf 89' lang='lat' dir='ltr'>Con-</span> 
     </span>
     <span class='ocr_line' id='line_1_25' title="bbox 280 3415 1932 3524; baseline -0.001 -29"><span class='ocrx_word' id='word_1_245' title='bbox 280 3419 343 3497; x_wconf 92' lang='lat' dir='ltr'>sed</span> <span class='ocrx_word' id='word_1_246' title='bbox 385 3420 575 3510; x_wconf 86' lang='lat' dir='ltr'>ineditum,</span> <span class='ocrx_word' id='word_1_247' title='bbox 613 3443 653 3498; x_wconf 89' lang='lat' dir='ltr'>ut</span> <span class='ocrx_word' id='word_1_248' title='bbox 691 3418 797 3496; x_wconf 89' lang='lat' dir='ltr'>habet</span> <span class='ocrx_word' id='word_1_249' title='bbox 837 3421 872 3496; x_wconf 90' lang='lat' dir='ltr'>in</span> <span class='ocrx_word' id='word_1_250' title='bbox 901 3425 1082 3496; x_wconf 88' lang='lat' dir='ltr'>Pentateu-</span> <span class='ocrx_word' id='word_1_251' title='bbox 1137 3418 1286 3510; x_wconf 88' lang='lat' dir='ltr'>stantio,</span> <span class='ocrx_word' id='word_1_252' title='bbox 1328 3415 1433 3496; x_wconf 92' lang='lat' dir='ltr'>modo</span> <span class='ocrx_word' id='word_1_253' title='bbox 1472 3420 1543 3497; x_wconf 79' lang='lat' dir='ltr'>faro</span> <span class='ocrx_word' id='word_1_254' title='bbox 1584 3419 1734 3524; x_wconf 77' lang='lat' dir='ltr'>functis,</span> <span class='ocrx_word' id='word_1_255' title='bbox 1761 3418 1932 3496; x_wconf 85' lang='lat' dir='ltr'>Vaticano</span> 
     </span>
     <span class='ocr_line' id='line_1_26' title="bbox 281 3530 1934 3642; baseline 0 -34"><span class='ocrx_word' id='word_1_256' title='bbox 281 3533 417 3624; x_wconf 85' lang='lat' dir='ltr'>chum,</span> <span class='ocrx_word' id='word_1_257' title='bbox 458 3537 493 3612; x_wconf 91' lang='lat' dir='ltr'>in</span> <span class='ocrx_word' id='word_1_258' title='bbox 523 3535 739 3642; x_wconf 88' lang='lat' dir='ltr'>Prophetas,</span> <span class='ocrx_word' id='word_1_259' title='bbox 768 3533 803 3609; x_wconf 89' lang='lat' dir='ltr'>in</span> <span class='ocrx_word' id='word_1_260' title='bbox 842 3535 1016 3622; x_wconf 86' lang='lat' dir='ltr'>Psalmos,</span> <span class='ocrx_word' id='word_1_261' title='bbox 1045 3533 1079 3610; x_wconf 89' lang='lat' dir='ltr'>iu</span> <span class='ocrx_word' id='word_1_262' title='bbox 1137 3531 1355 3641; x_wconf 86' lang='lat' dir='ltr'>exemplari,</span> <span class='ocrx_word' id='word_1_263' title='bbox 1393 3536 1519 3611; x_wconf 88' lang='lat' dir='ltr'>certior</span> <span class='ocrx_word' id='word_1_264' title='bbox 1557 3530 1643 3610; x_wconf 87' lang='lat' dir='ltr'>olim</span> <span class='ocrx_word' id='word_1_265' title='bbox 1682 3533 1726 3610; x_wconf 88' lang='lat' dir='ltr'>ab</span> <span class='ocrx_word' id='word_1_266' title='bbox 1755 3535 1795 3610; x_wconf 88' lang='lat' dir='ltr'>iis</span> <span class='ocrx_word' id='word_1_267' title='bbox 1823 3531 1934 3609; x_wconf 84' lang='lat' dir='ltr'>factus</span> 
     </span>
     <span class='ocr_line' id='line_1_27' title="bbox 277 3643 1934 3754; baseline 0 -32"><span class='ocrx_word' id='word_1_268' title='bbox 277 3647 436 3734; x_wconf 91' lang='lat' dir='ltr'>Joburn,</span> <span class='ocrx_word' id='word_1_269' title='bbox 479 3649 513 3722; x_wconf 91' lang='lat' dir='ltr'>in</span> <span class='ocrx_word' id='word_1_270' title='bbox 544 3648 660 3739; x_wconf 87' lang='lat' dir='ltr'>Ruth,</span> <span class='ocrx_word' id='word_1_271' title='bbox 689 3647 848 3724; x_wconf 87' lang='lat' dir='ltr'>Threnos</span> <span class='ocrx_word' id='word_1_272' title='bbox 874 3671 907 3723; x_wconf 88' lang='lat' dir='ltr'>et</span> <span class='ocrx_word' id='word_1_273' title='bbox 936 3646 1081 3736; x_wconf 84' lang='lat' dir='ltr'>Esther,</span> <span class='ocrx_word' id='word_1_274' title='bbox 1136 3674 1214 3724; x_wconf 92' lang='lat' dir='ltr'>sum</span> <span class='ocrx_word' id='word_1_275' title='bbox 1252 3673 1334 3724; x_wconf 87' lang='lat' dir='ltr'>eum</span> <span class='ocrx_word' id='word_1_276' title='bbox 1363 3670 1547 3726; x_wconf 90' lang='lat' dir='ltr'>tractatum</span> <span class='ocrx_word' id='word_1_277' title='bbox 1585 3643 1704 3724; x_wconf 85' lang='lat' dir='ltr'>rev&#39;eta</span> <span class='ocrx_word' id='word_1_278' title='bbox 1732 3645 1803 3724; x_wconf 89' lang='lat' dir='ltr'>illic</span> <span class='ocrx_word' id='word_1_279' title='bbox 1831 3671 1934 3754; x_wconf 89' lang='lat' dir='ltr'>repe·</span> 
     </span>
     <span class='ocr_line' id='line_1_28' title="bbox 279 3757 1935 3868; baseline 0 -32"><span class='ocrx_word' id='word_1_280' title='bbox 279 3757 429 3837; x_wconf 87' lang='lat' dir='ltr'>ineditos</span> <span class='ocrx_word' id='word_1_281' title='bbox 466 3786 613 3852; x_wconf 86' lang='lat' dir='ltr'>omnes,</span> <span class='ocrx_word' id='word_1_282' title='bbox 651 3758 859 3852; x_wconf 87' lang='lat' dir='ltr'>rarissimos,</span> <span class='ocrx_word' id='word_1_283' title='bbox 897 3759 1082 3868; x_wconf 85' lang='lat' dir='ltr'>bibliogra·</span> <span class='ocrx_word' id='word_1_284' title='bbox 1136 3759 1195 3836; x_wconf 90' lang='lat' dir='ltr'>tiri</span> <span class='ocrx_word' id='word_1_285' title='bbox 1223 3759 1418 3864; x_wconf 87' lang='lat' dir='ltr'>adjectum.</span> <span class='ocrx_word' id='word_1_286' title='bbox 1456 3765 1534 3840; x_wconf 87' lang='lat' dir='ltr'>Hoc</span> <span class='ocrx_word' id='word_1_287' title='bbox 1561 3783 1675 3838; x_wconf 89' lang='lat' dir='ltr'>tamen</span> <span class='ocrx_word' id='word_1_288' title='bbox 1704 3763 1847 3838; x_wconf 89' lang='lat' dir='ltr'>minime</span> <span class='ocrx_word' id='word_1_289' title='bbox 1874 3785 1935 3836; x_wconf 89' lang='lat' dir='ltr'>ro·</span> 
     </span>
     <span class='ocr_line' id='line_1_29' title="bbox 277 3871 1932 3982; baseline 0.001 -34"><span class='ocrx_word' id='word_1_290' title='bbox 277 3871 360 3979; x_wconf 87' lang='lat' dir='ltr'>plris</span> <span class='ocrx_word' id='word_1_291' title='bbox 386 3872 458 3950; x_wconf 89' lang='lat' dir='ltr'>fere</span> <span class='ocrx_word' id='word_1_292' title='bbox 499 3873 663 3950; x_wconf 88' lang='lat' dir='ltr'>omnibus</span> <span class='ocrx_word' id='word_1_293' title='bbox 691 3873 847 3981; x_wconf 76' lang='lat' dir='ltr'>ignotos,</span> <span class='ocrx_word' id='word_1_294' title='bbox 888 3898 1079 3978; x_wconf 89' lang='lat' dir='ltr'>omnesque</span> <span class='ocrx_word' id='word_1_295' title='bbox 1135 3897 1172 3948; x_wconf 94' lang='lat' dir='ltr'>to</span> <span class='ocrx_word' id='word_1_296' title='bbox 1214 3873 1333 3978; x_wconf 91' lang='lat' dir='ltr'>reique</span> <span class='ocrx_word' id='word_1_297' title='bbox 1373 3898 1507 3952; x_wconf 89' lang='lat' dir='ltr'>nostrae</span> <span class='ocrx_word' id='word_1_298' title='bbox 1546 3873 1796 3964; x_wconf 83' lang='lat' dir='ltr'>satisfaciebat,</span> <span class='ocrx_word' id='word_1_299' title='bbox 1826 3895 1932 3982; x_wconf 88' lang='lat' dir='ltr'>quae·</span> 
     </span>
     <span class='ocr_line' id='line_1_30' title="bbox 279 3983 1933 4096; baseline 0.001 -36"><span class='ocrx_word' id='word_1_300' title='bbox 279 3985 315 4061; x_wconf 89' lang='lat' dir='ltr'>in</span> <span class='ocrx_word' id='word_1_301' title='bbox 347 3987 473 4096; x_wconf 85' lang='lat' dir='ltr'>exigua</span> <span class='ocrx_word' id='word_1_302' title='bbox 502 3985 568 4063; x_wconf 90' lang='lat' dir='ltr'>hac</span> <span class='ocrx_word' id='word_1_303' title='bbox 598 4008 712 4062; x_wconf 89' lang='lat' dir='ltr'>nostra</span> <span class='ocrx_word' id='word_1_304' title='bbox 742 3983 970 4077; x_wconf 87' lang='lat' dir='ltr'>bibliotheca,</span> <span class='ocrx_word' id='word_1_305' title='bbox 989 4010 1078 4091; x_wconf 85' lang='lat' dir='ltr'>quae</span> <span class='ocrx_word' id='word_1_306' title='bbox 1133 3983 1352 4092; x_wconf 89' lang='lat' dir='ltr'>rendumque</span> <span class='ocrx_word' id='word_1_307' title='bbox 1393 3985 1510 4064; x_wconf 88' lang='lat' dir='ltr'>adbuc</span> <span class='ocrx_word' id='word_1_308' title='bbox 1552 4009 1647 4079; x_wconf 91' lang='lat' dir='ltr'>erat,</span> <span class='ocrx_word' id='word_1_309' title='bbox 1691 4016 1734 4066; x_wconf 87' lang='lat' dir='ltr'>an</span> <span class='ocrx_word' id='word_1_310' title='bbox 1774 3987 1933 4092; x_wconf 87' lang='lat' dir='ltr'>ejusdem</span> 
     </span>
     <span class='ocr_line' id='line_1_31' title="bbox 282 4097 1932 4209; baseline 0.001 -34"><span class='ocrx_word' id='word_1_311' title='bbox 282 4124 352 4175; x_wconf 94' lang='lat' dir='ltr'>non</span> <span class='ocrx_word' id='word_1_312' title='bbox 383 4099 508 4209; x_wconf 81' lang='lat' dir='ltr'>exigua</span> <span class='ocrx_word' id='word_1_313' title='bbox 549 4102 622 4203; x_wconf 82' lang='lat' dir='ltr'>ejus</span> <span class='ocrx_word' id='word_1_314' title='bbox 650 4123 702 4176; x_wconf 88' lang='lat' dir='ltr'>est</span> <span class='ocrx_word' id='word_1_315' title='bbox 739 4097 835 4191; x_wconf 90' lang='lat' dir='ltr'>laus,</span> <span class='ocrx_word' id='word_1_316' title='bbox 873 4097 976 4176; x_wconf 85' lang='lat' dir='ltr'>simul</span> <span class='ocrx_word' id='word_1_317' title='bbox 1005 4098 1079 4175; x_wconf 89' lang='lat' dir='ltr'>feli·</span> <span class='ocrx_word' id='word_1_318' title='bbox 1134 4121 1218 4176; x_wconf 86' lang='lat' dir='ltr'>esset</span> <span class='ocrx_word' id='word_1_319' title='bbox 1246 4125 1326 4176; x_wconf 91' lang='lat' dir='ltr'>curn</span> <span class='ocrx_word' id='word_1_320' title='bbox 1367 4099 1480 4204; x_wconf 89' lang='lat' dir='ltr'>primo</span> <span class='ocrx_word' id='word_1_321' title='bbox 1505 4098 1730 4190; x_wconf 89' lang='lat' dir='ltr'>characteris,</span> <span class='ocrx_word' id='word_1_322' title='bbox 1768 4101 1932 4190; x_wconf 90' lang='lat' dir='ltr'>rationis,</span> 
     </span>
     <span class='ocr_line' id='line_1_32' title="bbox 279 4211 1935 4320; baseline -0.001 -32"><span class='ocrx_word' id='word_1_323' title='bbox 279 4213 415 4292; x_wconf 87' lang='lat' dir='ltr'>cissime</span> <span class='ocrx_word' id='word_1_324' title='bbox 442 4211 630 4300; x_wconf 90' lang='lat' dir='ltr'>collectos,</span> <span class='ocrx_word' id='word_1_325' title='bbox 673 4211 732 4289; x_wconf 90' lang='lat' dir='ltr'>ubi</span> <span class='ocrx_word' id='word_1_326' title='bbox 761 4235 796 4288; x_wconf 88' lang='lat' dir='ltr'>et</span> <span class='ocrx_word' id='word_1_327' title='bbox 825 4213 910 4290; x_wconf 82' lang='lat' dir='ltr'>varii</span> <span class='ocrx_word' id='word_1_328' title='bbox 937 4211 1078 4289; x_wconf 86' lang='lat' dir='ltr'>codices</span> <span class='ocrx_word' id='word_1_329' title='bbox 1133 4211 1333 4300; x_wconf 86' lang='lat' dir='ltr'>editionis,¹</span> <span class='ocrx_word' id='word_1_330' title='bbox 1355 4215 1458 4301; x_wconf 90' lang='lat' dir='ltr'>anni,</span> <span class='ocrx_word' id='word_1_331' title='bbox 1494 4237 1529 4290; x_wconf 91' lang='lat' dir='ltr'>et</span> <span class='ocrx_word' id='word_1_332' title='bbox 1557 4215 1586 4290; x_wconf 86' lang='lat' dir='ltr'>si</span> <span class='ocrx_word' id='word_1_333' title='bbox 1609 4213 1833 4292; x_wconf 90' lang='lat' dir='ltr'>Soncinatum</span> <span class='ocrx_word' id='word_1_334' title='bbox 1856 4212 1935 4320; x_wconf 91' lang='lat' dir='ltr'>qui·</span> 
     </span>
     <span class='ocr_line' id='line_1_33' title="bbox 277 4323 1933 4434; baseline -0.003 -27"><span class='ocrx_word' id='word_1_335' title='bbox 277 4349 397 4407; x_wconf 82' lang='lat' dir='ltr'>extant</span> <span class='ocrx_word' id='word_1_336' title='bbox 425 4331 501 4432; x_wconf 86' lang='lat' dir='ltr'>ejus</span> <span class='ocrx_word' id='word_1_337' title='bbox 530 4324 803 4406; x_wconf 83' lang='lat' dir='ltr'>Mechabbethrh</span> <span class='ocrx_word' id='word_1_338' title='bbox 833 4351 891 4406; x_wconf 90' lang='lat' dir='ltr'>seu</span> <span class='ocrx_word' id='word_1_339' title='bbox 923 4328 1078 4434; x_wconf 89' lang='lat' dir='ltr'>poetica·</span> <span class='ocrx_word' id='word_1_340' title='bbox 1132 4323 1212 4400; x_wconf 91' lang='lat' dir='ltr'>dem</span> <span class='ocrx_word' id='word_1_341' title='bbox 1243 4350 1336 4417; x_wconf 89' lang='lat' dir='ltr'>erar,</span> <span class='ocrx_word' id='word_1_342' title='bbox 1370 4351 1415 4402; x_wconf 89' lang='lat' dir='ltr'>ert</span> <span class='ocrx_word' id='word_1_343' title='bbox 1444 4323 1596 4404; x_wconf 87' lang='lat' dir='ltr'>indubiis</span> <span class='ocrx_word' id='word_1_344' title='bbox 1625 4352 1715 4434; x_wconf 89' lang='lat' dir='ltr'>quae</span> <span class='ocrx_word' id='word_1_345' title='bbox 1745 4349 1933 4433; x_wconf 88' lang='lat' dir='ltr'>proposue-</span> 
     </span>
     <span class='ocr_line' id='line_1_34' title="bbox 278 4437 1934 4547; baseline -0.003 -29"><span class='ocrx_word' id='word_1_346' title='bbox 278 4467 358 4518; x_wconf 89' lang='lat' dir='ltr'>rum</span> <span class='ocrx_word' id='word_1_347' title='bbox 400 4439 724 4547; x_wconf 78' lang='lat' dir='ltr'>compositionum,</span> <span class='ocrx_word' id='word_1_348' title='bbox 766 4465 806 4516; x_wconf 92' lang='lat' dir='ltr'>ac</span> <span class='ocrx_word' id='word_1_349' title='bbox 846 4439 918 4518; x_wconf 93' lang='lat' dir='ltr'>bini</span> <span class='ocrx_word' id='word_1_350' title='bbox 957 4437 1076 4516; x_wconf 90' lang='lat' dir='ltr'>inediti</span> <span class='ocrx_word' id='word_1_351' title='bbox 1132 4465 1228 4527; x_wconf 88' lang='lat' dir='ltr'>ram,</span> <span class='ocrx_word' id='word_1_352' title='bbox 1269 4437 1404 4516; x_wconf 89' lang='lat' dir='ltr'>indiciis</span> <span class='ocrx_word' id='word_1_353' title='bbox 1432 4465 1473 4516; x_wconf 88' lang='lat' dir='ltr'>ac</span> <span class='ocrx_word' id='word_1_354' title='bbox 1501 4439 1644 4517; x_wconf 88' lang='lat' dir='ltr'>criteriis</span> <span class='ocrx_word' id='word_1_355' title='bbox 1673 4438 1934 4530; x_wconf 86' lang='lat' dir='ltr'>definiendum,</span> 
     </span>
     <span class='ocr_line' id='line_1_35' title="bbox 277 4550 1934 4660; baseline 0 -30"><span class='ocrx_word' id='word_1_356' title='bbox 277 4579 391 4630; x_wconf 87' lang='lat' dir='ltr'>sacrae</span> <span class='ocrx_word' id='word_1_357' title='bbox 419 4554 556 4631; x_wconf 89' lang='lat' dir='ltr'>criticae</span> <span class='ocrx_word' id='word_1_358' title='bbox 595 4551 709 4660; x_wconf 90' lang='lat' dir='ltr'>operis</span> <span class='ocrx_word' id='word_1_359' title='bbox 771 4550 840 4629; x_wconf 91' lang='lat' dir='ltr'>uod</span> <span class='ocrx_word' id='word_1_360' title='bbox 880 4557 976 4630; x_wconf 86' lang='lat' dir='ltr'>Eren</span> <span class='ocrx_word' id='word_1_361' title='bbox 1008 4553 1077 4630; x_wconf 86' lang='lat' dir='ltr'>bb-</span> <span class='ocrx_word' id='word_1_362' title='bbox 1130 4579 1174 4629; x_wconf 91' lang='lat' dir='ltr'>an</span> <span class='ocrx_word' id='word_1_363' title='bbox 1214 4551 1259 4628; x_wconf 91' lang='lat' dir='ltr'>ab</span> <span class='ocrx_word' id='word_1_364' title='bbox 1297 4554 1341 4629; x_wconf 86' lang='lat' dir='ltr'>iis</span> <span class='ocrx_word' id='word_1_365' title='bbox 1379 4553 1519 4631; x_wconf 91' lang='lat' dir='ltr'>Sonciui</span> <span class='ocrx_word' id='word_1_366' title='bbox 1557 4576 1592 4630; x_wconf 89' lang='lat' dir='ltr'>et</span> <span class='ocrx_word' id='word_1_367' title='bbox 1635 4578 1692 4630; x_wconf 86' lang='lat' dir='ltr'>xv</span> <span class='ocrx_word' id='word_1_368' title='bbox 1722 4553 1863 4640; x_wconf 90' lang='lat' dir='ltr'>seculo,</span> <span class='ocrx_word' id='word_1_369' title='bbox 1889 4579 1934 4630; x_wconf 89' lang='lat' dir='ltr'>au</span> 
     </span>
     <span class='ocr_line' id='line_1_36' title="bbox 275 4578 1936 4774; baseline -0.002 -30"><span class='ocrx_word' id='word_1_370' title='bbox 275 4667 366 4744; x_wconf 89' lang='lat' dir='ltr'>chen</span> <span class='ocrx_word' id='word_1_371' title='bbox 410 4691 469 4744; x_wconf 88' lang='lat' dir='ltr'>serr</span> <span class='ocrx_word' id='word_1_372' title='bbox 499 4665 668 4774; x_wconf 84' lang='lat' dir='ltr'>Lapidem</span> <span class='ocrx_word' id='word_1_373' title='bbox 704 4578 842 4774; x_wconf 78' lang='lat' dir='ltr'>lydium</span> <span class='ocrx_word' id='word_1_374' title='bbox 879 4666 1075 4774; x_wconf 86' lang='lat' dir='ltr'>inscripsit.</span> <span class='ocrx_word' id='word_1_375' title='bbox 1134 4691 1217 4742; x_wconf 88' lang='lat' dir='ltr'>vero</span> <span class='ocrx_word' id='word_1_376' title='bbox 1236 4666 1365 4744; x_wconf 87' lang='lat' dir='ltr'>Pisauri</span> <span class='ocrx_word' id='word_1_377' title='bbox 1387 4667 1526 4744; x_wconf 88' lang='lat' dir='ltr'>ineunte</span> <span class='ocrx_word' id='word_1_378' title='bbox 1555 4691 1648 4760; x_wconf 85' lang='lat' dir='ltr'>xvr,</span> <span class='ocrx_word' id='word_1_379' title='bbox 1676 4665 1779 4744; x_wconf 82' lang='lat' dir='ltr'>fuerit</span> <span class='ocrx_word' id='word_1_380' title='bbox 1801 4666 1936 4743; x_wconf 90' lang='lat' dir='ltr'>editus.</span> 
     </span>
     <span class='ocr_line' id='line_1_37' title="bbox 275 4779 1935 4890; baseline -0.001 -33"><span class='ocrx_word' id='word_1_381' title='bbox 275 4782 331 4868; x_wconf 86' lang='lat' dir='ltr'>De</span> <span class='ocrx_word' id='word_1_382' title='bbox 359 4779 502 4890; x_wconf 83' lang='lat' dir='ltr'>singulis</span> <span class='ocrx_word' id='word_1_383' title='bbox 533 4779 732 4857; x_wconf 87' lang='lat' dir='ltr'>conferatur</span> <span class='ocrx_word' id='word_1_384' title='bbox 769 4801 967 4858; x_wconf 89' lang='lat' dir='ltr'>nostrorum</span> <span class='ocrx_word' id='word_1_385' title='bbox 996 4805 1075 4857; x_wconf 85' lang='lat' dir='ltr'>mss.</span> <span class='ocrx_word' id='word_1_386' title='bbox 1133 4779 1272 4880; x_wconf 88' lang='lat' dir='ltr'>Quibus</span> <span class='ocrx_word' id='word_1_387' title='bbox 1312 4780 1475 4858; x_wconf 86' lang='lat' dir='ltr'>omnibus</span> <span class='ocrx_word' id='word_1_388' title='bbox 1514 4779 1713 4889; x_wconf 85' lang='lat' dir='ltr'>plenissime</span> <span class='ocrx_word' id='word_1_389' title='bbox 1741 4804 1777 4857; x_wconf 87' lang='lat' dir='ltr'>et</span> <span class='ocrx_word' id='word_1_390' title='bbox 1803 4779 1935 4857; x_wconf 87' lang='lat' dir='ltr'>hunta-</span> 
     </span>
     <span class='ocr_line' id='line_1_38' title="bbox 280 4890 1935 5004; baseline 0.001 -36"><span class='ocrx_word' id='word_1_391' title='bbox 280 4891 465 5002; x_wconf 86' lang='lat' dir='ltr'>Catalogus</span> <span class='ocrx_word' id='word_1_392' title='bbox 493 4893 590 4973; x_wconf 87' lang='lat' dir='ltr'>brevi</span> <span class='ocrx_word' id='word_1_393' title='bbox 618 4890 792 4972; x_wconf 87' lang='lat' dir='ltr'>edendus.</span> <span class='ocrx_word' id='word_1_394' title='bbox 818 4898 956 4971; x_wconf 86' lang='lat' dir='ltr'>Praeter</span> <span class='ocrx_word' id='word_1_395' title='bbox 984 4919 1079 4971; x_wconf 88' lang='lat' dir='ltr'>corn·</span> <span class='ocrx_word' id='word_1_396' title='bbox 1135 4893 1271 4970; x_wconf 84' lang='lat' dir='ltr'>nissime</span> <span class='ocrx_word' id='word_1_397' title='bbox 1300 4921 1320 4971; x_wconf 86' lang='lat' dir='ltr'>a</span> <span class='ocrx_word' id='word_1_398' title='bbox 1348 4893 1392 4970; x_wconf 86' lang='lat' dir='ltr'>cl.</span> <span class='ocrx_word' id='word_1_399' title='bbox 1432 4894 1581 5004; x_wconf 89' lang='lat' dir='ltr'>Fabricy</span> <span class='ocrx_word' id='word_1_400' title='bbox 1609 4894 1823 4976; x_wconf 85' lang='lat' dir='ltr'>satisfactum</span> <span class='ocrx_word' id='word_1_401' title='bbox 1860 4915 1935 4984; x_wconf 84' lang='lat' dir='ltr'>est,</span> 
     </span>
     <span class='ocr_line' id='line_1_39' title="bbox 275 5005 1933 5116; baseline 0.001 -34"><span class='ocrx_word' id='word_1_402' title='bbox 275 5031 484 5085; x_wconf 79' lang='lat' dir='ltr'>memoratos</span> <span class='ocrx_word' id='word_1_403' title='bbox 522 5031 682 5084; x_wconf 86' lang='lat' dir='ltr'>auctores</span> <span class='ocrx_word' id='word_1_404' title='bbox 719 5005 934 5086; x_wconf 86' lang='lat' dir='ltr'>mentionem</span> <span class='ocrx_word' id='word_1_405' title='bbox 972 5008 1079 5116; x_wconf 85' lang='lat' dir='ltr'>hujus</span> <span class='ocrx_word' id='word_1_406' title='bbox 1135 5032 1226 5084; x_wconf 87' lang='lat' dir='ltr'>nova</span> <span class='ocrx_word' id='word_1_407' title='bbox 1273 5031 1308 5084; x_wconf 92' lang='lat' dir='ltr'>er</span> <span class='ocrx_word' id='word_1_408' title='bbox 1352 5033 1507 5086; x_wconf 89' lang='lat' dir='ltr'>accurata</span> <span class='ocrx_word' id='word_1_409' title='bbox 1551 5007 1709 5087; x_wconf 89' lang='lat' dir='ltr'>instituta</span> <span class='ocrx_word' id='word_1_410' title='bbox 1755 5007 1933 5111; x_wconf 88' lang='lat' dir='ltr'>utriusque</span> 
     </span>
     <span class='ocr_line' id='line_1_40' title="bbox 277 5117 1934 5230; baseline -0.002 -33"><span class='ocrx_word' id='word_1_411' title='bbox 277 5118 440 5200; x_wconf 88' lang='lat' dir='ltr'>editionis</span> <span class='ocrx_word' id='word_1_412' title='bbox 476 5120 607 5198; x_wconf 86' lang='lat' dir='ltr'>faciunt</span> <span class='ocrx_word' id='word_1_413' title='bbox 644 5117 850 5202; x_wconf 88' lang='lat' dir='ltr'>Maittairius</span> <span class='ocrx_word' id='word_1_414' title='bbox 884 5143 970 5200; x_wconf 88' lang='lat' dir='ltr'>tom.</span> <span class='ocrx_word' id='word_1_415' title='bbox 998 5126 1013 5197; x_wconf 94' lang='lat'>1</span> <span class='ocrx_word' id='word_1_416' title='bbox 1044 5149 1080 5230; x_wconf 79' lang='lat' dir='ltr'>p.</span> <span class='ocrx_word' id='word_1_417' title='bbox 1135 5145 1301 5200; x_wconf 90' lang='lat' dir='ltr'>tractatus</span> <span class='ocrx_word' id='word_1_418' title='bbox 1340 5123 1547 5214; x_wconf 88' lang='lat' dir='ltr'>collatione,</span> <span class='ocrx_word' id='word_1_419' title='bbox 1592 5149 1661 5226; x_wconf 89' lang='lat' dir='ltr'>qua</span> <span class='ocrx_word' id='word_1_420' title='bbox 1706 5145 1825 5199; x_wconf 86' lang='lat' dir='ltr'>secure</span> <span class='ocrx_word' id='word_1_421' title='bbox 1863 5121 1934 5226; x_wconf 87' lang='lat' dir='ltr'>jam</span> 
     </span>
     <span class='ocr_line' id='line_1_41' title="bbox 282 5231 1422 5342; baseline 0.003 -34"><span class='ocrx_word' id='word_1_422' title='bbox 282 5237 357 5334; x_wconf 83' lang='lat'>378</span> <span class='ocrx_word' id='word_1_423' title='bbox 389 5257 424 5312; x_wconf 89' lang='lat' dir='ltr'>et</span> <span class='ocrx_word' id='word_1_424' title='bbox 442 5237 647 5314; x_wconf 82' lang='lat' dir='ltr'>Assemanus</span> <span class='ocrx_word' id='word_1_425' title='bbox 675 5231 839 5314; x_wconf 90' lang='lat' dir='ltr'>Bibliorh.</span> <span class='ocrx_word' id='word_1_426' title='bbox 858 5259 935 5312; x_wconf 78' lang='lat' dir='ltr'>mss</span> <span class='ocrx_word' id='word_1_427' title='bbox 962 5231 1079 5313; x_wconf 87' lang='lat' dir='ltr'>Varie.</span> <span class='ocrx_word' id='word_1_428' title='bbox 1136 5237 1186 5314; x_wconf 92' lang='lat' dir='ltr'>ttti</span> <span class='ocrx_word' id='word_1_429' title='bbox 1217 5259 1422 5342; x_wconf 78' lang='lat' dir='ltr'>possumus.</span> 
     </span>
    </p>

    <p class='ocr_par' dir='ltr' id='par_1_5' title="bbox 275 5342 1934 5572">
     <span class='ocr_line' id='line_1_42' title="bbox 276 5342 1934 5455; baseline -0.005 -25"><span class='ocrx_word' id='word_1_430' title='bbox 276 5369 362 5430; x_wconf 87' lang='lat' dir='ltr'>tom.</span> <span class='ocrx_word' id='word_1_431' title='bbox 390 5352 405 5423; x_wconf 94' lang='lat'>1</span> <span class='ocrx_word' id='word_1_432' title='bbox 434 5373 469 5454; x_wconf 79' lang='lat' dir='ltr'>p.</span> <span class='ocrx_word' id='word_1_433' title='bbox 505 5373 603 5448; x_wconf 85' lang='lat'>195,</span> <span class='ocrx_word' id='word_1_434' title='bbox 631 5347 851 5427; x_wconf 89' lang='lat' dir='ltr'>lmmanuelis</span> <span class='ocrx_word' id='word_1_435' title='bbox 870 5353 1079 5428; x_wconf 84' lang='lat' dir='ltr'>veroCom·</span> <span class='ocrx_word' id='word_1_436' title='bbox 1220 5353 1344 5428; x_wconf 88' lang='lat' dir='ltr'>Noster</span> <span class='ocrx_word' id='word_1_437' title='bbox 1376 5346 1451 5425; x_wconf 89' lang='lat' dir='ltr'>bic·</span> <span class='ocrx_word' id='word_1_438' title='bbox 1476 5369 1642 5424; x_wconf 89' lang='lat' dir='ltr'>tractatus</span> <span class='ocrx_word' id='word_1_439' title='bbox 1691 5346 1813 5455; x_wconf 91' lang='lat' dir='ltr'>incipit</span> <span class='ocrx_word' id='word_1_440' title='bbox 1850 5342 1934 5422; x_wconf 87' lang='lat' dir='ltr'>folio</span> 
     </span>
     <span class='ocr_line' id='line_1_43' title="bbox 275 5457 1934 5572; baseline -0.002 -33"><span class='ocrx_word' id='word_1_441' title='bbox 275 5459 484 5539; x_wconf 86' lang='lat' dir='ltr'>mentarium</span> <span class='ocrx_word' id='word_1_442' title='bbox 511 5459 627 5540; x_wconf 90' lang='lat' dir='ltr'>laudat</span> <span class='ocrx_word' id='word_1_443' title='bbox 656 5462 781 5542; x_wconf 82' lang='lat' dir='ltr'>Azulai</span> <span class='ocrx_word' id='word_1_444' title='bbox 798 5466 836 5539; x_wconf 88' lang='lat' dir='ltr'>P.</span> <span class='ocrx_word' id='word_1_445' title='bbox 862 5467 893 5540; x_wconf 87' lang='lat'>11</span> <span class='ocrx_word' id='word_1_446' title='bbox 920 5461 981 5542; x_wconf 83' lang='lat' dir='ltr'>fol.</span> <span class='ocrx_word' id='word_1_447' title='bbox 1007 5463 1077 5542; x_wconf 88' lang='lat'>18.</span> <span class='ocrx_word' id='word_1_448' title='bbox 1133 5485 1253 5552; x_wconf 81' lang='lat' dir='ltr'>recto,</span> <span class='ocrx_word' id='word_1_449' title='bbox 1281 5461 1467 5570; x_wconf 87' lang='lat' dir='ltr'>praemisso</span> <span class='ocrx_word' id='word_1_450' title='bbox 1497 5459 1592 5572; x_wconf 84' lang='lat' dir='ltr'>tituli</span> <span class='ocrx_word' id='word_1_451' title='bbox 1617 5459 1697 5540; x_wconf 94' lang='lat' dir='ltr'>loco</span> <span class='ocrx_word' id='word_1_452' title='bbox 1725 5457 1934 5567; x_wconf 86' lang='lat' dir='ltr'>majoribus,</span> 
     </span>
    </p>
   </div>
   <div class='ocr_carea' id='block_1_3' title="bbox 0 0 2578 7092">
    <p class='ocr_par' dir='ltr' id='par_1_6' title="bbox 0 0 2578 7092">
     <span class='ocr_line' id='line_1_44' title="bbox 0 0 2578 7092; baseline 0 0"><span class='ocrx_word' id='word_1_453' title='bbox 0 0 2578 7092; x_wconf 95' lang='lat' dir='ltr'> </span> 
     </span>
    </p>
   </div>
  </div>
 </body>
</html>
