5222 7090
806 613 1373 687 ιιιιιιιΜΑ
1862 638 1905 708 η

208 845 218 862 ι
275 783 508 876 „Christiani
531 785 818 892 porroPsahuum
849 783 1067 864 hnuciutet·
1124 805 1228 887 queat
1256 781 1299 860 de
1339 810 1492 891 requae
1533 813 1600 862 nou
1635 809 1688 863 est
1729 785 1771 862 de
1800 787 1913 893 specie

274 925 455 1006 preratrtur
484 898 527 974 de
561 898 636 975 viro
659 898 720 974 illo
749 902 910 994 (lesu),
938 919 974 973 et
993 921 1068 974 ver·
1124 894 1341 983 divinitatis,
1369 896 1440 971 die
1454 899 1502 972 eis
1530 897 1626 1008 quod
1650 925 1712 974 oos
1741 925 1807 974 uon
1832 925 1912 1005 pos·

275 1038 354 1102 sus,
376 1037 421 1086 ex
443 1037 513 1116 quo
534 1035 774 1119 argumentum
803 1009 961 1096 ducunt,
988 1008 1064 1084 cui·
1120 1031 1240 1083 sumus
1269 1007 1364 1113 loqui
1385 1008 1429 1085 de
1452 1014 1527 1086 Deo
1550 1011 1786 1087 benedicto
1754 1011 1814 1086 ursi
1840 1035 1912 1084 me·

274 1149 344 1229 que
373 1123 591 1214 innituntur,
622 1148 673 1198 est
702 1121 778 1198 ilie.
810 1128 980 1198 Dominus
1009 1128 1063 1195 di·
1121 1117 1325 1224 taphorice,
1356 1144 1393 1198 ut
1423 1147 1504 1198 curu
1532 1122 1704 1210 dicimus,
1727 1149 1765 1196 os
1789 1123 1911 1197 Domi·

273 1249 329 1312 xit
357 1241 462 1322 mihi,
483 1241 580 1332 filius
609 1263 698 1311 meus
726 1262 760 1309 ιι
789 1260 846 1308 ιιι.
877 1242 951 1318 Jam
982 1259 1063 1310 vero
1120 1230 1183 1320 ui,
1211 1232 1304 1307 oculi
1335 1234 1503 1323 Domini,
1532 1262 1628 1311 aures
1658 1234 1797 1312 Domini
1829 1235 1911 1311 alia·

275 1350 303 1424 si
332 1347 445 1425 dicant
476 1348 561 1423 tibit
599 1346 829 1424 lsest'fiiius
865 1345 956 1438 Dei,
983 1347 1063 1450 quia
1119 1366 1188 1446 que
1216 1343 1411 1446 ejusmodi,
1436 1372 1524 1453 quae
1553 1347 1733 1425 manifesto
1762 1344 1909 1453 parabo·

274 1485 423 1566 aequum
467 1485 614 1536 nonest
656 1484 693 1535 ut
722 1458 857 1535 dicatur
885 1457 929 1534 de
958 1483 1059 1550 carne
1118 1454 1183 1529 lice
1225 1481 1358 1532 tautum
1396 1459 1450 1532 vel
1481 1485 1541 1566 per
1580 1461 1823 1568 metaphoram
1853 1458 1913 1535 di-

274 1599 309 1649 et
338 1573 505 1680 sanguiue
532 1569 652 1650 sende
670 1597 760 1702 puro
788 1571 1060 1676 homine,quod
1118 1573 1411 1676 cuntur.1taque
1440 1572 1671 1677 metaphorica
1699 1595 1751 1649 est
1779 1572 1928 1647 locutio·

276 1685 319 1762 sir
349 1687 439 1762 tilius
469 1687 558 1772 Dei,
588 1682 677 1760 filius
705 1687 797 1761 euim
827 1709 878 1760 est
905 1682 950 1758 de
978 1707 1062 1788 spe·
1119 1677 1201 1770 illa,
1231 1704 1269 1756 ut
1307 1707 1347 1756 ea
1375 1707 1426 1760 est
1454 1710 1523 1788 qua
1566 1685 1739 1762 interdum
1784 1683 1914 1760 dieitur

275 1798 329 1875 cie
361 1800 485 1905 patris,
514 1795 808 1904 quemadmodum
839 1819 970 1872 rectum
991 1818 1059 1870 uon
1112 1795 1207 1890 filias
1238 1797 1331 1881 Dei,
1367 1801 1440 1894 filit·
1470 1802 1563 1884 Dei,
1598 1798 1681 1902 quia
1725 1822 1807 1873 eutu
1852 1798 1925 1902 qni,

277 1935 355 1997 est,
402 1936 438 1986 ut
468 1910 621 1999 dicatur,
650 1909 708 1987 hic
745 1934 856 2016 equus
892 1933 943 1986 est
971 1906 1064 1983 filius
1120 1904 1202 1980 facit
1241 1907 1442 1984 mandatum
1482 1935 1584 1985 suum
1625 1933 1660 1986 et
1704 1909 1913 2038 legationem

278 2023 452 2100 Rubenis
479 2020 634 2124 Quare
625 2047 653 2099 rs
680 2022 737 2098 cui
766 2024 858 2097 dixit
874 2025 1005 2107 Deus,
1016 2025 1065 2117 f
1120 2042 1239 2104 suam,
1270 2045 1369 2096 vocat
1405 2021 1434 2096 is
1463 2021 1599 2107 filium,
1644 2047 1680 2097 ut
1709 2022 1821 2098 filium
1850 2022 1911 2127 qui

275 2143 344 2214 lius
375 2164 465 2214 ιιιιιιι
493 2165 528 2212 ιι
557 2161 621 2222 ιιι,
653 2133 765 2211 debet
807 2159 879 2210 esse
908 2131 1064 2237 ejusdem
1122 2154 1283 2236 operatur
1322 2131 1485 2208 mandata
1528 2133 1651 2240 patris.
1689 2134 1772 2210 Ideo
1817 2158 1915 2226 vocat

277 2249 403 2355 speciei
432 2273 467 2324 et
510 2253 604 2324 Deus
643 2269 681 2321 ut
711 2249 806 2352 ipse.
847 2250 994 2352 Hocque
1023 2269 1065 2320 eo
1123 2243 1228 2318 etiarn
1257 2243 1370 2320 stellas
1398 2247 1486 2322 filios
1516 2247 1606 2336 Dei,
1636 2273 1673 2321 ιιι
1694 2246 1781 2322 illud
1805 2273 1836 2322 ιι
1856 2274 1916 2321 νο·

277 2361 387 2464 mauis
415 2359 510 2466 quod
540 2356 666 2436 subdat
695 2387 756 2457 ego
778 2363 875 2432 hodie
891 2366 992 2456 genui
1010 2381 1068 2448 ιι,
1123 2359 1350 2452 cifirar'rnutur
1377 2387 1486 2434 ornnes
1510 2366 1580 2456 filit·
1603 2365 1696 2435 Dei.
1726 2367 1777 2437 Ita
1800 2359 1915 2434 homi-

280 2499 389 2576 quum
421 2474 557 2579 genitus
584 2473 627 2546 sit
654 2469 697 2544 de
715 2473 828 2575 specie
857 2468 1065 2576 generantis.
1123 2493 1203 2542 nem
1235 2494 1374 2575 propter
1403 2499 1591 2577 supernum
1614 2473 1771 2578 spiritum
1802 2471 1915 2580 quiin

280 2591 338 2661 Tu
367 2583 501 2660 diceus
528 2582 620 2690 quod
652 2606 719 2658 non
750 2583 912 2658 convenit
940 2578 1066 2655 diviui-
1121 2606 1164 2654 eo
1193 2605 1268 2670 est,
1309 2606 1380 2686 quo
1411 2587 1481 2689 ipse
1512 2609 1694 2692 praecepta
1730 2589 1796 2662 Dei
1826 2610 1918 2692 ope-

281 2697 341 2774 tati
373 2722 469 2802 patet
496 2721 530 2772 et
560 2695 672 2770 filius.
700 2699 768 2770 Nec
797 2695 889 2770 enim
918 2693 1065 2800 separati
1122 2717 1242 2782 ratur,
1270 2716 1305 2768 et
1346 2719 1487 2824 psopter
1528 2701 1719 2802 sapientem
1758 2699 1915 2776 animum

281 2809 444 2886 diviuitas
473 2834 609 2917 potest,
648 2830 707 2882 aut
747 2833 874 2911 corpus
914 2831 966 2882 est
994 2805 1068 2909 ipsa
1125 2806 1186 2908 qui
1224 2827 1304 2880 eum
1344 2807 1502 2896 instruit,
1547 2836 1649 2886 uocat
1691 2835 1771 2886 eum
1821 2813 1917 2894 Deus

281 2922 480 3011 divisibile,
519 2918 677 2996 seduna
715 2941 765 2994 est
796 2945 840 2994 ex
886 2918 980 2993 omni
1009 2943 1068 2992 sua
1124 2918 1256 2992 filium.
1283 2917 1419 2994 Idcirco
1450 2919 1533 2996 dicit
1557 2927 1652 3020 filins
1674 2951 1765 2999 meus
1799 2951 1832 2996 ιι
1857 2949 1919 3012 ru,

281 3061 402 3142 parte,
432 3036 561 3110 unirate
599 3056 688 3136 quae
716 3056 780 3106 nec
809 3055 976 3136 augetur,
1005 3054 1067 3106 uec
1124 3055 1160 3107 et
1189 3057 1303 3106 rursus
1331 3059 1390 3131 ego
1418 3038 1513 3110 hodic
1539 3045 1641 3134 genui
1668 3060 1722 3110 ιι.
1754 3039 1800 3110 Ur
1830 3034 1916 3110 dicit

282 3149 474 3239 minuitur,
515 3170 578 3222 nec
619 3145 653 3218 in
686 3167 797 3250 partes
839 3142 1067 3218 discinditur.
1124 3143 1228 3218 etiam
1249 3149 1346 3243 filins
1377 3174 1465 3222 meus
1493 3175 1525 3222 ιι
1550 3159 1793 3246 primogenitus
1822 3175 1916 3225 ιιιιιιι

283 3263 411 3338 Rursus
428 3283 557 3367 repone
576 3255 665 3334 illis.
693 3261 791 3332 Pater
813 3279 847 3332 et
878 3255 992 3342 filius,
1011 3281 1071 3362 pa·
1126 3263 1257 3344 Israel,
1300 3258 1356 3335 vel
1395 3283 1433 3334 ut
1462 3259 1542 3338 alibi
1572 3261 1697 3338 dicitur
1731 3267 1804 3360 filit·
1833 3271 1916 3340 estis

286 3395 339 3449 tet
357 3397 419 3477 est
449 3374 542 3480 prior
570 3370 641 3446 hlio
670 3394 848 3476 tempore,
876 3393 911 3444 et
935 3369 1068 3446 nonnisi
1126 3399 1185 3448 tros
1218 3377 1360 3448 Domina*
1404 3379 1476 3448 Dei
1515 3389 1646 3463 vestri,
1686 3377 1768 3450 item
1806 3403 1917 3451 antron

284 3509 328 3560 ex
374 3487 499 3562 virtute
541 3482 597 3562 uel
639 3508 790 3588 poteutra
834 3484 938 3589 patris
979 3483 1070 3559 filius
1127 3497 1197 3582 ipse
1226 3511 1272 3562 ιιι
1297 3512 1395 3580 pater
1430 3512 1509 3564 raus
1545 3515 1578 3564 ιι
1602 3516 1776 3585 possessor
1803 3514 1880 3564 taus
1897 3493 1920 3565 ?

285 3597 484 3706 egreditur.
525 3599 694 3698 Quamvis
722 3621 836 3672 aurem
879 3622 950 3671 nou
979 3619 1070 3673 recte
1129 3605 1318 3676 Etrursus
1347 3629 1405 3697 ego
1433 3628 1487 3676 ero
1514 3614 1544 3677 ιι·
1573 3614 1607 3676 ἱιι
1634 3629 1763 3697 partem
1792 3628 1823 3676 ιι
1847 3613 1917 3698 ipsa

285 3709 417 3788 dicatur
446 3711 592 3788 alterurn
620 3714 693 3786 sine
721 3708 828 3783 aiteto
857 3711 891 3783 in
920 3709 1073 3816 appella·
1128 3738 1191 3785 ertt
1220 3718 1304 3787 mihi
1333 3725 1366 3786 iu
1388 3718 1525 3807 filium.
1567 3715 1625 3791 Sic
1653 3739 1793 3821 quoque
1823 3741 1921 3820 rege·

289 3825 383 3901 tione
413 3827 618 3911 nominum,
646 3824 724 3926 quia
756 3846 823 3894 uon
853 3821 980 3898 dicitur
1010 3849 1072 3927 pa·
1129 3851 1182 3899 tes
1211 3825 1278 3900 eis.
1307 3830 1530 3930 Deuskquetn
1564 3854 1626 3903 vos
1654 3828 1768 3903 dicitis
1801 3825 1919 3903 dicere

288 3956 363 4021 tet,
392 3934 503 4012 donec
532 3961 601 4010 non
630 3935 672 4008 sit
701 3935 733 4006 ei
761 3932 873 4017 filius,
901 3958 964 4009 nec
992 3933 1078 4008 dici·
1135 3961 1267 4042 patrem
1303 3937 1403 4026 filio,
1443 3943 1580 4034 postula
1617 3969 1637 4013 a
1681 3968 1734 4014 ιιιι
1759 3966 1793 4013 ιι
1832 3945 1921 4014 dabo
1980 3931 1985 3938 ’

292 4071 349 4124 tur·
377 4047 491 4136 fihus,
518 4047 545 4123 si
575 4069 706 4152 partem
737 4069 805 4118 uon
826 4044 973 4131 habeat,
998 4071 1078 4120 om·
1133 4075 1245 4146 gentes
1273 4055 1503 4125 haereditatem
1525 4075 1650 4140 ¹ructat,
1677 4051 1856 4154 quomodo
1873 4053 1921 4127 sic

289 4159 431 4234 nimode
449 4161 509 4264 qui
525 4159 653 4234 dicutur
672 4181 792 4264 pater,
819 4156 958 4260 quando
986 4156 1077 4234 filius
1135 4161 1308 4264 postulare
1338 4162 1462 4267 poterit
1491 4161 1579 4236 filius
1601 4189 1619 4236 a
1643 4165 1764 4266 patre?
1793 4167 1920 4236 Annon

285 4272 403 4359 adest,
423 4298 472 4349 est
494 4272 649 4378 eoprior
679 4295 856 4375 tempore.
884 4273 968 4346 Etsi
987 4270 1077 4347 iilius
1133 4277 1228 4348 Deus
1256 4297 1307 4349 est
1345 4298 1382 4350 ut
1425 4273 1522 4380 ipse,
1559 4274 1660 4379 eique
1689 4299 1740 4349 est
1770 4297 1921 4378 potestas

286 4411 338 4464 est
368 4387 457 4464 nei,
484 4411 588 4491 qoem
621 4409 684 4460 vos
713 4383 825 4459 dicitis
852 4406 887 4458 et
916 4387 1076 4490 appellas·
1131 4385 1165 4460 in
1195 4410 1313 4492 gentes
1342 4411 1376 4462 et
1406 4385 1439 4459 in
1470 4386 1553 4460 fines
1581 4411 1714 4476 terrae,
1735 4410 1774 4460 ut
1792 4409 1843 4462 est
1861 4412 1925 4492 pa·

288 4500 333 4574 tis
364 4523 520 4604 patrem,
547 4497 682 4586 filium,
705 4499 862 4601 spiritum
891 4523 1077 4589 sanetum,
1132 4498 1199 4572 tri?
1227 4502 1376 4575 Rursus:
1405 4524 1484 4574 anre
1506 4500 1709 4606 petitionem
1734 4524 1801 4572 non
1822 4523 1923 4576 erant

290 4637 368 4718 pars
397 4639 503 4716 quam
524 4611 703 4718 appellatis
722 4635 877 4714 patrem,
897 4613 988 4716 prior
1008 4613 1074 4688 erit
1130 4635 1213 4718 ergo
1241 4637 1360 4718 gentes
1400 4613 1588 4689 haereditas
1627 4617 1720 4715 ejus.
1758 4611 1862 4711 Quod
1894 4613 1922 4688 si

288 4749 387 4834 parte
415 4725 517 4800 altera
545 4751 649 4829 quam
678 4723 792 4798 dicitis
824 4723 958 4799 filium
987 4731 1072 4800 Nam
1131 4723 1177 4799 ira
1221 4748 1295 4810 est,
1340 4724 1455 4799 minor
1496 4752 1579 4832 ergo
1609 4725 1758 4831 porentia
1801 4750 1922 4816 erata

290 4841 320 4916 si
348 4863 490 4950 semper
510 4839 648 4913 fuerunt
678 4835 750 4912 dun
780 4835 829 4910 tlh
846 4862 943 4943 quast
963 4863 1076 4929 unus,
1134 4836 1303 4943 principio
1332 4842 1428 4913 Deus
1470 4837 1554 4927 ille,
1590 4864 1622 4913 et
1655 4841 1764 4941 major
1805 4861 1923 4944 postea

289 4975 413 5026 uocate
442 4975 500 5025 eos
543 4951 661 5026 fratres
687 4950 876 5059 gemellos,
918 4976 987 5026 uon
1020 4977 1078 5056 pa·
1134 4949 1242 5025 factus
1270 4975 1345 5035 est,
1372 4949 1467 5054 quod
1498 4951 1543 5026 de
1573 4954 1650 5024 Deo
1678 4950 1746 5026 diei
1776 4953 1924 5077 ιιιιιιιίι.

290 5087 380 5140 trem
410 5087 444 5139 et
474 5063 607 5153 filium,
637 5091 700 5141 uec
728 5089 947 5173 generantem
967 5089 1001 5139 et
1023 5093 1080 5172 ge·
1136 5061 1195 5139 Siu
1227 5087 1310 5137 veto
1344 5089 1517 5190 reponant
1559 5063 1622 5138 tibi
1666 5060 1761 5166 quod
1791 5063 1925 5138 ratione

292 5181 430 5263 uirum,
458 5179 538 5282 quia
567 5179 628 5282 qui
649 5201 815 5284 generat,
844 5202 892 5254 est
911 5201 1004 5253 certe
1021 5204 1109 5252 an·-
1107 5174 1415 5250 ¹'humanitatis
1387 5200 1435 5248 stc
1464 5175 1643 5280 loquitor,
1671 5201 1704 5248 et
1737 5199 1923 5304 postquam

291 5317 326 5368 te
357 5315 582 5398 generatum.
574 5289 1081 5394 .Adilludvetoquodsub·
1136 5287 1297 5362 divinitas
1334 5311 1470 5362 carnem
1512 5285 1719 5390 assumpsit,
1749 5289 1810 5364 ita
1824 5311 1860 5358 ut
1891 5283 1926 5360 ei

294 5407 408 5493 ditur,
438 5401 536 5511 quud
577 5426 667 5480 recte
696 5405 785 5481 filius
825 5403 891 5478 Dei
921 5402 989 5478 diei
1017 5427 1082 5478 ne·
1138 5424 1311 5506 tamquam
1343 5399 1477 5474 homini
1505 5399 1618 5489 dicat,
1651 5423 1685 5471 ut
1716 5397 1760 5472 ab
1786 5396 1846 5472 illo
1864 5422 1927 5502 pe·

1679 5538 1695 5596 3
