5146 7094
722 765 797 838 144
1138 739 1506 812 annates
1560 737 1916 812 ΗΒΕ-ΠΡ.

708 942 795 992 mss.
835 911 995 992 codicum
1024 909 1115 989 illius
1153 909 1384 988 bibliothecae
1414 935 1508 987 num.
1564 935 1632 1016 que
1661 909 1838 987 elementis
1868 905 2018 984 totidem
2059 907 2193 985 tabellis
2230 907 2354 984 inscul-

719 1031 799 1128 699
839 1029 1065 1118 recensitum,
1105 1022 1186 1130 quia
1232 1035 1406 1129 tamquam
1446 1047 1508 1098 ms.
1566 1025 1634 1130 ptis
1675 1022 1877 1098 inchoantur
1921 1020 1998 1096 libri
2035 1022 2180 1126 reliqui,
2219 1047 2260 1096 ac
2288 1046 2355 1098 var

719 1140 834 1216 codex
857 1139 1069 1218 habebatur.
1097 1135 1178 1214 Vidi
1198 1133 1361 1244 deinceps
1382 1139 1513 1212 Romae
1566 1134 1706 1242 quidem
1747 1132 1841 1239 quod
1883 1157 1978 1210 extat
2023 1133 2121 1212 initio
2162 1131 2274 1208 Exodi
2321 1157 2356 1209 et

719 1251 884 1328 nonnulla
912 1251 976 1328 alia
998 1255 1071 1354 ejus
1090 1249 1268 1356 exempla,
1298 1248 1515 1325 membrana·
1569 1247 1671 1354 aleph
1701 1247 1798 1323 initio
1828 1245 1991 1356 Decalogi
2012 1273 2052 1324 ac
2072 1246 2352 1340 Deuteronomii‚

719 1389 820 1441 ceum
852 1365 886 1439 in
915 1363 1124 1441 bibliotheca
1166 1361 1420 1439 eminentissimi
1448 1365 1511 1438 Ze·
1565 1357 1685 1437 eadem
1713 1359 1856 1435 omnino
1898 1383 1976 1434 suut
2015 1360 2050 1437 in
2079 1357 2149 1436 hoc
2175 1365 2355 1437 Pentateu-

717 1475 816 1552 ladae
840 1476 884 1554 ab
912 1477 1009 1554 initio
1031 1502 1070 1552 ac
1090 1476 1157 1551 fine
1185 1473 1367 1562 mutilum,
1396 1498 1511 1550 mem·
1565 1473 1654 1561 cho,
1684 1495 1718 1548 et
1746 1473 1910 1550 Iscariano
1939 1471 1993 1546 vel
2022 1473 2187 1550 Sauriauo
2207 1497 2265 1548 aut
2286 1476 2354 1547 So-

638 1635 640 1642 ·
717 1589 929 1693 branaceum
970 1586 1062 1665 aliud
1105 1589 1140 1662 in
1181 1585 1423 1673 vallicellana,
1471 1587 1505 1661 in
1562 1587 1658 1662 riano
1685 1587 1764 1662 anni
1814 1611 1917 1684 ¹490
1957 1585 1991 1659 in
2021 1586 2195 1662 Lusitania
2234 1583 2355 1661 edito.

715 1700 790 1807 quo
817 1701 982 1778 deficiunt
1004 1699 1201 1808 hplrtatbth
1223 1725 1257 1775 et
1279 1697 1508 1808 Meghillbth‚
1564 1699 1747 1774 Charactet
1792 1701 1875 1775 sacri
1921 1721 2037 1774 textus
2073 1697 2274 1806 hispanicus
2302 1721 2354 1774 est

713 1840 750 1890 et
779 1814 814 1896 iu
844 1813 1009 1922 Catalogo
1040 1839 1118 1890 mss.
1156 1834 1354 1888 numeratur
1381 1811 1446 1888 sub
1475 1839 1509 1888 n.
1563 1838 1603 1888 ac
1632 1809 1846 1901 luculentus,
1887 1809 2047 1917 idemque
2087 1839 2168 1887 cum
2207 1834 2250 1885 eo
2284 1836 2354 1916 quo

716 1933 836 2028 P90.
869 1955 914 2029 3,
941 1929 1021 2032 quia
1068 1925 1225 2002 habitum
1253 1949 1289 2000 et
1317 1925 1430 2031 ipsum
1458 1947 1509 2002 est
1563 1949 1739 2000 exaratum
1768 1947 1819 2000 est
1858 1929 2012 2033 Targum
2036 1923 2354 2031 Ulyssiponensis,

715 2063 754 2116 ut
785 2067 848 2116 ms.
877 2066 916 2117 ac
944 2063 1164 2147 compactum
1193 2064 1273 2114 cum
1303 2063 1364 2113 ms.
1394 2042 1506 2113 Evan·
1560 2063 1596 2115 et
1623 2035 1875 2115 Pentateuchus
1903 2063 1958 2112 an.
1994 2061 2097 2136 1490
2130 2039 2164 2113 in
2203 2063 2275 2140 quo
2304 2059 2353 2114 ta·

711 2153 853 2260 geliario
887 2178 1032 2261 graeco,
1069 2151 1287 2228 chartaceum
1316 2150 1351 2225 in
1381 2151 1506 2226 biblio·
1562 2177 1640 2228 men
1671 2177 1751 2226 usus
1780 2171 1948 2226 arctatum
1986 2149 2174 2227 litterarum
2203 2173 2252 2224 est
2280 2147 2350 2224 fre-

713 2263 812 2341 theca
842 2263 1085 2372 Propagandae
1104 2262 1170 2340 sub
1191 2263 1324 2340 initium
1343 2264 1505 2339 ac'finem
1562 2263 1745 2371 quentior.
1781 2264 1922 2370 Duplici
1962 2262 1991 2339 is
2018 2264 2147 2340 sistitur
2171 2261 2348 2350 columna,

713 2403 818 2453 manu
859 2379 1082 2483 suppletum,
1119 2404 1158 2453 ac
1207 2377 1505 2452 membranaceum
1562 2402 1651 2484 quae
1680 2375 1778 2452 lineis
1805 2399 1963 2456 constant
2003 2403 2073 2474 27,
2118 2375 2177 2452 sed
2208 2375 2347 2483 paginae

713 2488 851 2565 tandem
882 2490 1111 2596 fragmentum
1151 2487 1228 2564 libri
1256 2489 1350 2565 Ruth
1379 2513 1413 2565 et
1443 2493 1507 2564 Ec·
1561 2489 1675 2566 nullos
1705 2489 1846 2582 titulos,
1875 2489 1987 2566 nullos
2015 2513 2195 2578 numeros,
2216 2516 2254 2564 ac
2277 2489 2348 2594 pla·

711 2601 873 2680 clesiastis
901 2604 1024 2710 paritet
1063 2604 1151 2680 inter
1179 2627 1256 2678 mss.
1284 2603 1317 2677 in
1348 2605 1505 2677 Casana-
1560 2603 1661 2710 gulae
1717 2602 1826 2680 nullas
1867 2603 2054 2710 signatores
2100 2601 2346 2708 praeseferunt,

713 2715 797 2789 tensi
827 2715 892 2790 sub
921 2741 1015 2789 num.
1044 2721 1098 2792 EF
1126 2740 1167 2790 tv
1202 2717 1271 2791 18.
1302 2715 1383 2790 Tria
1403 2714 1506 2790 etiam
1563 2717 1672 2821 prima
1711 2741 1876 2824 excepta,
1915 2719 2014 2820 cujus
2055 2715 2165 2823 prima
2203 2740 2348 2821 quatuor

707 2825 846 2904 diversa
877 2828 1036 2934 exempla
1073 2854 1134 2903 nos
1162 2828 1262 2903 variis
1292 2826 1505 2934 temporibus
1561 2827 1640 2905 folia
1669 2829 1818 2906 minimis
1846 2830 1937 2936 typis
1959 2828 2193 2938 indigitantut.
2220 2829 2347 2906 Sectio

709 2940 801 3014 nacti
830 2966 948 3017 sumus
976 2967 1065 3047 quae
1094 2939 1187 3047 apud
1216 2965 1278 3016 nos
1306 2963 1500 3028 servantur,
1557 2966 1616 3018 nes
1644 2939 1867 3019 Pentateuchi
1908 2942 2011 3018 nullis
2040 2940 2225 3045 majoribus
2254 2941 2346 3015 litte-

708 3056 824 3130 omnia
856 3053 1053 3130 membrana
1081 3079 1233 3146 excusa,
1261 3079 1409 3159 quorum
1439 3053 1499 3127 al·
1555 3054 1601 3130 ris
1628 3053 1884 3164 distinguuntur
1912 3081 1952 3132 ac
1980 3079 2080 3160 saepe
2110 3054 2206 3130 nullo
2236 3055 2343 3160 spatio

707 3187 820 3242 terunt
850 3165 891 3241 ad
923 3168 1101 3242 Canticum
1130 3167 1340 3243 canticorum
1361 3164 1499 3256 delicit,
1555 3166 1612 3243 tel
1639 3167 1767 3277 exiguo
1798 3167 1897 3244 unius
1933 3167 2062 3258 lineae,
2091 3166 2164 3242 solo
2195 3168 2343 3243 vocabu·

706 3277 853 3354 alterum
882 3277 924 3353 ad
964 3279 1222 3367 Ecclesiastem,
1252 3279 1392 3355 tertium
1420 3277 1498 3352 teli·
1553 3280 1589 3354 lo
1617 3299 1687 3359 utto
1714 3279 1758 3356 acl
1799 3280 1986 3388 marginem
2029 3280 2211 3386 apposito.
2251 3279 2346 3356 Libri

708 3393 786 3494 quis
827 3389 991 3498 integrius
1032 3414 1165 3496 partem
1207 3389 1425 3468 Thtenotum
1465 3413 1501 3468 et
1555 3393 1750 3499 expliciunt
1795 3420 1925 3470 masura
1970 3393 2063 3496 finali
2108 3419 2168 3468 seu
2215 3419 2345 3470 summa

707 3501 859 3578 Esthetis
886 3501 1002 3578 addit.
1031 3508 1215 3608 Quotquot
1243 3529 1327 3610 ergo
1354 3526 1500 3578 aetatem
1556 3533 1716 3583 uersuum
1746 3506 1896 3583 minimis
1917 3505 2088 3614 quadratis
2108 3529 2269 3614 expressa
2290 3531 2345 3612 ty·

704 3611 823 3689 ferunt
859 3614 1044 3720 exempla,
1083 3616 1199 3691 omnia
1241 3614 1498 3692 membranacea
1554 3620 1628 3724 pis,
1656 3619 1715 3725 qui
1743 3644 1776 3694 et
1806 3619 1911 3696 iidem
1950 3618 2051 3726 plane
2079 3645 2158 3694 sunt
2188 3621 2221 3694 in
2254 3643 2345 3696 utro·

706 3749 786 3802 sunt
825 3750 959 3833 praeter
998 3726 1084 3803 illud
1122 3727 1383 3834 propagandae,
1421 3754 1498 3804 om·
1553 3757 1621 3837 que
1648 3734 1902 3822 Pentateucho,
1943 3756 2059 3809 nostro
2085 3757 2120 3808 et
2148 3733 2255 3807 altero
2280 3759 2343 3808 an-

706 3839 831 3943 niaque
862 3838 980 3914 mutila
1014 3863 1145 3946 praeter
1175 3841 1411 3917 Florentinum
1440 3841 1497 3920 di·
1554 3843 1590 3919 ni
1627 3870 1752 3945 1490,
1781 3847 1917 3952 hocque
1945 3844 2105 3952 singulari
2133 3843 2347 3922 animadver-

707 3949 742 4029 vi
772 3954 903 4040 Marci,
930 3979 1001 4058 quo
1030 3979 1091 4029 nos
1116 3953 1200 4028 olim
1222 3953 1266 4029 ad
1288 3954 1390 4056 hujus
1412 3959 1497 4029 Pen·
1554 3957 1647 4032 sione
1675 3957 1820 4066 dignum
1849 3985 1923 4046 est,
1950 3956 2046 4065 quod
2076 3958 2174 4033 binae
2204 3959 2346 4067 paginae

705 4064 857 4140 tateuchi
885 4062 1150 4174 descriptionem
1173 4065 1223 4141 usi
1252 4093 1387 4144 sumus.
1415 4067 1496 4143 Val·
1551 4095 1638 4174 quae
1666 4073 1769 4147 Mosis
1797 4071 1978 4164 Canticum
2009 4071 2044 4145 in
2072 4071 2232 4148 Sectione
2253 4069 2363 4176 niun.

703 4174 903 4254 licellanum
932 4176 967 4252 in
995 4178 1126 4255 selectis
1154 4179 1237 4255 locis
1276 4206 1340 4286 pto
1369 4179 1497 4254 Kcnni·
1551 4183 1856 4290 complectuntut‚
1883 4209 2005 4262 ornatu
2032 4183 2184 4288 quodam
2215 4183 2343 4260 conde·

705 4314 801 4368 corto
844 4289 1008 4366 collatum
1054 4314 1128 4380 est,
1170 4292 1231 4396 qui
1270 4293 1357 4368 iuter
1386 4291 1496 4369 fontes
1554 4321 1715 4373 cotantur
1752 4299 1813 4404 qui
1849 4299 1957 4376 varias
1992 4321 2073 4372 ates
2110 4320 2146 4372 et
2188 4297 2343 4373 animalia

704 4427 786 4478 suae
827 4402 1018 4479 collationis
1048 4427 1229 4479 numerum
1273 4405 1322 4480 ilii
1363 4403 1496 4481 adstri—
1552 4432 1801 4514 repraesentat,
1840 4435 1876 4488 et
1904 4431 1999 4488 extat
2036 4408 2140 4485 etiam
2170 4413 2204 4486 in
2234 4409 2344 4488 fronte

703 4515 772 4620 psit
803 4539 903 4613 5¹3·
941 4521 981 4589 ln
1009 4515 1169 4591 omnibus
1198 4540 1312 4592 autent
1340 4541 1398 4592 aut
1427 4518 1496 4593 fere
1553 4520 1776 4598 Avudrahtlm
1805 4522 2083 4630 Ulyssiponensis
2111 4524 2193 4599 anni
2230 4532 2352 4623 1489,

703 4623 865 4700 omnibus
894 4652 1021 4736 puncta
1049 4627 1190 4734 antiqua
1221 4655 1325 4706 manu
1358 4631 1496 4737 supple-
1552 4657 1591 4708 ac
1618 4631 1861 4712 Nachmanidis
1889 4636 2134 4716 Commentarii
2167 4639 2203 4712 in
2226 4635 2346 4714 eadem

701 4759 735 4813 ta
764 4758 872 4812 suut.
1549 4745 1634 4822 urbe
1661 4746 1854 4854 eodemque
1893 4773 1982 4825 anno
2022 4751 2196 4855 impressi.
2248 4749 2345 4824 ldem

786 4849 909 4956 Incipit
940 4849 1024 4928 folio
1063 4877 1161 4930 terso
1189 4855 1260 4931 sine
1289 4853 1362 4930 ullo
1390 4855 1492 4931 titulo
1547 4883 1688 4936 ornatus
1733 4886 1910 4970 comparet
1959 4863 2083 4938 iterum
2130 4860 2197 4938 sub
2239 4863 2346 4938 fiuent

699 4987 720 5038 a
761 4963 875 5068 primo
919 4965 1092 5040 Geneseos
1133 4970 1269 5075 capite,
1310 4967 1493 5068 majuscula
1549 4972 1662 5047 Exodi
1690 4974 1726 5049 iu
1768 4973 2000 5054 Pentateucho
2038 4975 2226 5052 CPolitano
2263 4978 2345 5053 anui

654 5122 657 5140 ·
701 5072 945 5152 tantummodo
982 5099 1017 5151 et
1045 5100 1164 5154 ornata
1202 5079 1352 5187 praefixa
1384 5081 1492 5185 prima
1556 5108 1679 5182 1505,
1709 5112 1744 5164 et
1779 5089 1847 5166 sub
1874 5087 2010 5164 initium
2040 5088 2142 5165 trium
2173 5088 2342 5166 librorum

663 5273 667 5282 .
699 5189 811 5266 littera
841 5187 951 5279 beth,
972 5188 1160 5297 eademque
1180 5192 1383 5268 adamussim
1404 5219 1491 5296 quae
1547 5197 1793 5294 Abarbanelis‚
1830 5207 1899 5277 Ros
1928 5201 2072 5288 amanei,
2111 5203 2249 5280 letech
2280 5207 2342 5310 pe<

699 5303 735 5378 in
765 5300 1024 5407 Ulyssiponensi
1062 5303 1295 5382 Pentateucho
1322 5308 1490 5412 conspici·
1545 5311 1647 5397 sach,
1676 5313 1849 5392 Nachalad
1876 5313 2007 5404 avbth,
2026 5315 2086 5419 qui
2110 5315 2180 5392 illic
2203 5317 2345 5422 prodie-

697 5440 757 5504 ⁸tut
797 5413 861 5489 sub
903 5415 1037 5494 initium
1078 5417 1272 5495 chaldaicae
1322 5420 1488 5494 Onkelosi
1545 5446 1626 5499 runt
1655 5451 1745 5502 anno
1783 5429 1904 5524 1506,
1932 5453 1968 5504 et
1998 5425 2157 5504 binorum
2188 5429 2341 5506 volumi-

698 5525 937 5636 Paraphrasis·
975 5530 1031 5607 Sic
1058 5554 1093 5608 et
1123 5531 1316 5637 majusculis
1342 5534 1487 5610 ornatis·
1544 5561 1628 5633 nunt
1657 5537 1718 5619 lad
1746 5537 1918 5618 achazalra
1954 5539 2173 5620 Maimouidis
2204 5569 2251 5620 ex
2283 5570 2338 5622 ea-
