5222 7090
662 756 876 862 cumque
913 723 1101 826 dit'iore'
1132 719 1469 863 suppellectile
1508 755 1634 860 quae
1672 703 1789 826 sane
1818 703 1902 824 'est
1928 717 2060 862 apud
2082 729 2174 822 no's
2198 753 2303 821 ma·
2421 796 2427 805 .

662 867 797 968 xima
850 903 907 972 ac
952 902 1080 1014 pepe
1131 865 1435 970 incredibilis
1485 865 1599 1008 (ex
1650 862 1954 977 editionibus
2003 865 2139 968 enim
2177 896 2301 1002 quas

660 1009 992 1131 illustramus,
1028 1011 1175 1113 binae
1197 991 1346 1113 'solae
1382 1011 1464 1114 vel
1501 1039 1600 1114 tres
1638 1011 1785 1114 nobis
1824 1010 2001 1112 desunt
2040 1037 2205 1112 certae
2243 1003 2303 1107 fi·
2386 1122 2398 1147 1

660 1152 803 1291 dei),
840 1187 1160 1294 quocumque
1189 1153 1443 1320 praesidio
1480 1152 1594 1258 freti
1620 1187 1823 1258 manum
1849 1154 1896 1255 ei
1921 1153 2301 1271 admoveamus,
2547 1213 2553 1222 -

659 1302 916 1436 nunquam
953 1328 1123 1404 tamen
1187 1297 1239 1400 1d
1276 1299 1469 1438 assequi
1513 1298 1761 1438 possimus
1799 1327 1852 1402 ut
1895 1295 2143 1399 editiones
2169 1327 2303 1437 ..onr-

659 1476 748 1576 nes
804 1444 1196 1580 complectamur
1240 1477 1368 1582 quae
1411 1472 1484 1544 xv
1521 1443 1691 1545 seculo
1730 1440 2004 1546 censendae
2041 1468 2157 1560 sunt
2193 1471 2304 1578 pro-

658 1583 834 1690 diisse.
888 1585 1077 1720 Multae
1130 1619 1346 1724 namque
1401 1586 1678 1725 perierunt,
1736 1586 1942 1688 aliarum
2000 1586 2087 1690 vix
2142 1581 2301 1686 mini-

656 1764 739 1835 ma
777 1759 1039 1868 supersunt
1066 1727 1384 1869 fragmenta,
1424 1729 1668 1868 quaedam
1709 1727 1760 1830 in
1797 1727 1998 1866 latebris
2035 1711 2301 1832 fordrad-

651 1871 757 1976 ·huc
795 1873 1119 2006 delitescunt,
1169 1903 1279 1977 sero
1317 1873 1466 1976 nimis
1515 1872 1597 1976 vel
1635 1873 1786 1975 etiam
1825 1901 2080 2008 nunquam
2119 1870 2301 2011 prodi-

656 2044 825 2120 turae.
864 2015 1023 2118 Nobis
1060 2016 1179 2120 satis
1218 2045 1294 2120 est
1332 2017 1455 2120 nulli
1480 2016 1762 2158 pepercisse
1780 2015 1970 2138 labori,
1992 2014 2301 2154 diligentiae,

656 2156 1275 2300 industriae‚·impensae,
1324 2189 1382 2264 ut
1419 2195 1595 2264 omnes
1649 2187 1902 2298 quotquot
1951 2187 2167 2265 aetatem
2217 2155 2316 2262 fe-

655 2332 800 2424 runt,
840 2307 1127 2408 eruerentur
1166 2333 1217 2408 et
1255 2338 1655 2425 recenserentur,
1693 2303 2204 2442 multasdetegentes
2242 2339 2300 2408 ac

655 2448 968 2552 vindicantes
1006 2451 1069 2552 ab
1124 2448 1328 2552 interitu
1380 2449 1461 2553 vel
1494 2449 1754 2552 oblivione
1794 2483 2002 2585 quarum
2052 2447 2182 2550 nulla
2220 2447 2303 2550 vel

654 2589 758 2694 fere
796 2590 928 2694 nulla
965 2622 1069 2697 erat
1108 2593 1376 2716 memoria,
1432 2590 1659 2732 nihilque
1716 2595 2008 2698 omittentes
2062 2590 2202 2730 quod
2238 2590 2301 2693 ad

655 2763 943 2838 nostrorum
981 2735 1251 2840 Annalium
1297 2733 1658 2878 perfectionem
1695 2768 1747 2840 et
1784 2737 2124 2876 integritatum
2166 2771 2297 2838 con-

654 2879 887 2982 duceret.
943 2881 997 2984 ln
1035 2910 1138 2984 tres
1189 2907 1356 2984 autem
1394 2909 1559 3021 partes
1613 2914 1701 2982 eos
1738 2879 2041 3004 dividimuS,
2069 2913 2301 3019 ¹quarum

653 3024 805 3127 altera
834 3023 1092 3128 editiones
1129 3025 1352 3129 continet
1387 3059 1521 3127 anno
1571 3025 1860 3164 insignitas,
1904 3024 2057 3128 altera
2100 3059 2162 3126 eo
2199 3024 2299 3126 de-

653 3167 878 3290 stitutaS,
898 3195 1168 3308 postrema
1204 3168 1576 3309 supposititias,
1603 3197 1807 3271 cunctas
1828 3166 2189 3308 chronologico
2215 3202 2301 3272 or-

652 3310 771 3424 dine
808 3337 926 3448 apte
972 3311 1286 3451 dispositas,
1312 3310 1576 3450 diligenter
1627 3312 1928 3452 descriptam,
1980 3309 2095 3416 fuso
2149 3347 2299 3415 com-

652 3453 902 3590 mentatio
937 3452 1716 3570 historico-criticoillustratas,
1754 3457 1830 3560 Ac
1861 3490 1923 3558 ne
1949 3456 2209 3597 quidpiam
2233 3459 2297 3567 ad

652 3597 854 3700 illorum
891 3598 1322 3740 complementum
1367 3597 1526 3722 desit,
1570 3601 1853 3702 breviorem
1898 3601 2301 3705 dissertationem

653 3740 1073 3882 praemittendam
1110 3744 1357 3848 ducimus
1405 3777 1532 3881 quae
1569 3739 1956 3847 introductionis
1994 3742 2150 3849 veluti
2188 3748 2299 3849 vice

651 3911 702 3988 et
740 3881 914 3990 officio
953 3884 1215 4028 fungatur,
1251 3889 1511 4026 variasque
1547 3886 1914 4030 typographiae
1951 3917 2149 3993 nostrae
2186 3891 2298 3992 ori-

651 4029 782 4168 ginis
819 4029 1079 4168 epochas,¹
1106 4032 1268 4138 varias
1305 4034 1369 4136 de
1405 4031 1467 4135 iis
1503 4062 1765 4136 auctorum
1793 4032 2081 4172 opiniones,
2107 4032 2299 4173 primos

651 4172 784 4274 illius
821 4169 1018 4298 foetuS,
1068 4177 1254 4315 primas
1290 4212 1418 4318 quae
1456 4211 1564 4279 eam
1617 4177 1925 4281 excoluerint
1963 4181 2136 4291 urbes,
2186 4181 2299 4314 pri-

650 4350 763 4420 mos
801 4314 1050 4442 artificeS,
1089 4319 1366 4460 harumque
1404 4321 1685 4424 editionum
1720 4321 2100 4441 oeconomiam,
2134 4323 2299 4422 rarita-

649 4488 787 4590 tem,
826 4461 1212 4598 praestantiam,
1261 4499 1405 4569 usum
1452 4464 1664 4604 attingat
1701 4490 1751 4564 et
1788 4461 2028 4579 illustret,
2083 4461 2145 4564 ad
2184 4463 2295 4564 cal-

649 4637 761 4707 cem
799 4637 925 4707 vero
963 4605 1245 4710 editionum
1280 4637 1331 4711 et
1368 4635 1627 4708 auctorum
1664 4605 1915 4708 indicibus
1953 4605 2099 4708 binos
2146 4639 2298 4744 prae-

649 4746 917 4886 ponendos
967 4750 1435 4891 typographorum,
1485 4750 1735 4853 editorum
1784 4777 1833 4852 et
1871 4748 2071 4851 urbium
2116 4749 2298 4887 quibus

648 4889 900 5028 editiones
936 4890 1073 5032 ipsae
1119 4893 1381 4998 hebraicae
1431 4924 1501 4997 xv
1542 4895 1694 4998 seculi
1743 4895 2018 4998 debentur.
2071 4893 2183 4997 Hoc
2221 4925 2297 4998 est

649 5032 819 5172 paucis
858 5033 1148 5139 institutum
1183 5067 1384 5141 nostrae
1418 5037 1564 5172 hujus
1602 5037 1958 5142 lucubrationis
1996 5073 2146 5176 quam
2185 5071 2311 5140 eru-·

648 5176 868 5280 dirorum
904 5179 1063 5281 oculis
1085 5215 1160 5283 ac
1197 5181 1393 5318 judiciis
1430 5181 1748 5318 subjicimus.

683 5393 688 5406 ·
793 5319 997 5432 Parmae
1042 5356 1105 5424 ex
1155 5325 1289 5468 regia
1341 5327 1664 5430 scientiarum
1700 5324 1973 5434 Academia
2025 5325 2185 5466 pridie
2229 5324 2297 5428 id.

647 5491 749 5569 oct.
785 5498 864 5596 an.
903 5493 1235 5578 Moccxctt..
