5222 7090
552 807 557 820 .
625 727 774 835 'aare
941 761 1183 838 ortonam
1212 761 1466 836 parantur.
1496 764 1575 838 oe
1601 759 1722 836 aaa.
1756 762 1869 835 rte.
1900 761 2040 836 orere.

1521 963 1562 1024 ta
1596 959 1741 1024 extant
1773 927 1866 1022 fuse
1899 933 2097 1024 adversus
2143 960 2220 1018 nos
2258 926 2323 1019 di·

1520 1089 1711 1188 sputata,
1727 1093 1835 1188 quae
1856 1064 1901 1150 in
1923 1060 2042 1150 libris
2063 1085 2208 1181 postea
2230 1055 2320 1146 edi·
2415 1151 2435 1168 ..

1521 1195 1577 1283 tis
1608 1187 1762 1282 frustra
1806 1192 2021 1314 requires.
2055 1185 2207 1276 ¹Plura
2239 1183 2320 1275 alia

1522 1320 1645 1446 hujus
1677 1323 1842 1446 generis
1870 1351 2001 1442 eaque
2035 1315 2213 1440 insignia
2240 1311 2321 1404 hu·
2448 1315 2451 1321 ’

751 1449 1020 1576 Quamquam
1063 1448 1195 1542 multa
1237 1475 1335 1542 sunt
1379 1480 1455 1538 va·
1518 1453 1585 1574 jus
1617 1446 1742 1540 Com.
1775 1447 1869 1539 loca
1912 1449 1957 1535 in
1990 1447 2040 1535 iis
2082 1441 2322 1534 desideran-

653 1582 791 1705 tiique
842 1579 1008 1702 generis
1049 1579 1173 1688 loca,
1204 1609 1314 1702 quae
1346 1579 1456 1668 anti·
1520 1607 1620 1685 tur,
1652 1610 1764 1705 quae
1804 1579 1850 1666 in
1883 1575 2065 1699 antiquis
2099 1573 2321 1696 integerri-

654 1743 761 1834 quae
811 1707 1032 1798 editionesx
1062 1711 1109 1798 in
1149 1704 1455 1798 recentioribus
1519 1741 1586 1798 rua
1626 1706 1866 1812 habentur,
1908 1735 1953 1795 ut
2003 1698 2113 1792 Psal.
2162 1729 2222 1790 vn
2262 1693 2320 1805 8,

654 1837 879 1962 supplent,
912 1835 1001 1926 sola
1022 1862 1160 1928 tamen
1180 1836 1458 1926 antichristia·
1521 1867 1599 1926 xrx
1638 1861 1719 1946 10,
1754 1863 1832 1924 xxr
1871 1857 2046 1942 1,xrt11
2087 1851 2172 1942 32,
2206 1856 2324 1917 txxu

655 1999 709 2055 na
743 1966 813 2055 hic
868 1965 1146 2090 attingimus,
1186 1996 1294 2090 quae
1343 1968 1454 2054 inter
1518 1991 1608 2077 20,
1642 1979 2321 2074 txxxv117,cx7,cxtx129,

655 2094 731 2186 illa
761 2091 964 2184 videntur
996 2097 1179 2184 eminere
1213 2120 1255 2182 et
1286 2095 1455 2218 gravio-
1517 2123 1651 2185 cxxtv
1687 2117 1901 2208 7,cxx1x
1938 2083 1989 2196 8,
2023 2119 2131 2214 quae
2164 2087 2320 2207 cuique

654 2225 710 2312 ris
744 2253 833 2314 esse
878 2224 1108 2314 momenti.
1157 2217 1313 2346 Magni
1352 2253 1452 2311 sane
1516 2246 1663 2346 patent
1697 2247 1874 2344 utraque
1914 2213 2170 2341 exemplaria
2202 2243 2318 2303 com·

653 2353 829 2440 interest
861 2344 1095 2442 Christiani
1128 2349 1322 2474 theologi
1342 2379 1452 2474 quae
1517 2355 1706 2476 paranti.
1738 2346 1872 2468 Quod
1906 2373 1949 2440 er
1983 2343 2038 2434 de
2070 2344 2217 2435 ceteris
2250 2371 2320 2430 ce·

653 2478 708 2569 de
731 2476 854 2569 nobis
876 2485 1104 2604 nostraque
1126 2477 1355 2602 religione,
1381 2476 1454 2568 vel
1517 2479 1730 2571 leberrimi
1750 2476 1877 2600 hujus
1906 2472 2073 2584 rabbini
2107 2500 2322 2562 commen-

653 2609 912 2697 sanctissimo
946 2611 1036 2732 ejus
1070 2633 1237 2697 auctore
1266 2609 1453 2699 sentiunt
1518 2611 1656 2715 tariis,
1678 2610 1957 2733 posteriorum
1974 2603 2197 2727 praecipue
2214 2594 2318 2687 Pto·

650 2735 908 2825 celebriores
942 2733 1202 2828 ludaeorum
1236 2761 1452 2845 auctores,
1515 2733 1758 2860 phetarum,
1791 2730 2018 2828 dicendum
2054 2756 2137 2821 est.
2184 2719 2317 2818 Conf.

651 2896 846 2989 quaeque
895 2867 977 2991 ipsi
1019 2865 1220 2956 adversus
1266 2861 1453 2956 Messiae
1517 2865 1789 2960 Soneinensis
1815 2895 1963 2956 eorum
1990 2857 2124 2950 editio
2143 2855 2197 2947 ad
2218 2851 2316 2945 lsai.

651 2995 784 3082 nostri
831 2992 1089 3086 characteres
1133 2992 1206 3084 vel
1249 2995 1338 3118 ejus
1370 2989 1450 3081 do-
1513 3019 1666 3103 1122,
1699 3023 1762 3082 vn
1801 3017 1881 3106 14,
1914 3019 2016 3082 xtrx
2051 2985 2317 3099 6,n11112,

650 3123 809 3214 ctrinae
842 3123 1063 3236 veritatem
1096 3125 1318 3214 incorum
1351 3122 1451 3210 scri·
1514 3120 1665 3218 Jerem.
1699 3152 1805 3211 xxxt
1843 3145 1926 3236 31,
1959 3114 2115 3208 Ezech.
2147 3145 2193 3207 ιι
2231 3106 2316 3222 18,

686 3254 738 3340 tis
772 3245 1017 3374 proferunt,
1048 3277 1147 3371 apte
1180 3249 1452 3377 dignoscere·
1515 3283 1618 3346 xttv
1642 3278 1699 3362 a,
1731 3245 1831 3344 Joel
1864 3281 1909 3341 rv
1944 3269 2024 3367 19,
2056 3246 2192 3338 Amos
2213 3271 2242 3331 u
2266 3237 2320 3352 6,

650 3284 767 3468 lane
801 3411 856 3467 ex
891 3378 1131 3485 hodiernis,
1164 3411 1219 3468 an
1265 3411 1367 3470 vero
1399 3407 1453 3466 ert
1518 3379 1664 3473 Obad.
1697 3412 1710 3469 1
1745 3405 1800 3486 a,
1846 3375 1985 3470 Mich.
2017 3405 2049 3464 v
2088 3396 2143 3462 1.
2192 3367 2317 3462 Haec

576 3519 584 3530 “
651 3508 945 3598 versutissimis
979 3505 1237 3598 editionibus
1257 3505 1450 3596 hauriet?
1514 3509 1660 3601 eadem
1693 3507 1886 3631 exempla
1919 3538 1969 3598 ac
2000 3504 2227 3628 specimina
2261 3533 2315 3590 ex

650 3634 715 3725 At
749 3660 895 3724 notum
928 3663 990 3725 est
1019 3633 1114 3724 loca
1135 3635 1324 3756 singula,
1343 3666 1452 3758 quae
1517 3638 1824 3729 commentariis
1868 3632 2000 3727 Aben
2039 3629 2193 3741 Ezrae,
2234 3627 2317 3718 Sal.

650 3759 855 3870 Romam,
888 3759 1131 3870 Christum,
1163 3761 1451 3881 Christianos,
1517 3764 1699 3876 Jarchii,
1721 3761 1837 3854 Levi'
1863 3759 2142 3868 Getsonidis,
2177 3755 2317 3849 Mosis

651 3890 988 3982 Christianorum
1022 3889 1173 3998 fidem,
1207 3889 1279 3982 vel
1302 3893 1453 4014 princi·
1517 3893 1843 4007 Nachmanidis,
1879 3927 1933 3986 ex
1964 3923 2134 4012 precum
2167 3884 2315 3994 libris,

649 4055 750 4146 pes,
784 4021 861 4111 sub
895 4019 1050 4146 quibus
1084 4018 1282 4146 degunt,
1313 4021 1447 4144 respi-
1510 4059 1565 4115 ex
1620 4021 1856 4115 talmudicis
1926 4019 2208 4127 tractatibus,
2262 4049 2316 4104 ex

648 4153 793 4260 ciunt,
826 4152 871 4237 in
904 4147 1165 4244 editionibus
1198 4182 1277 4240 sec·
1304 4180 1365 4240 xv
1387 4151 1449 4236 in·
1511 4150 1789 4244 Maimonidis
1819 4149 1930 4263 Jad,
1968 4185 2021 4242 ex
2057 4147 2166 4240 Albi
2200 4141 2317 4234 Fun-

649 4304 766 4403 tegra
799 4311 846 4370 ac
882 4277 1007 4402 plene
1040 4277 1291 4405 plerumque
1334 4276 1449 4369 exhi·
1513 4282 1716 4374 damentis
1760 4279 1929 4373 abunde
1983 4281 2073 4401 peti
2118 4299 2318 4399 possunt,

627 4405 762 4515 vberi,
796 4407 1150 4531 quemadmodum
1184 4405 1240 4496 ab
1273 4411 1451 4497 auctori·
1514 4443 1694 4536 quorum
1729 4441 1818 4498 non
1851 4439 1983 4532 pauca
2016 4403 2071 4494 ad
2102 4404 2316 4495 editiones

649 4535 729 4624 bus
762 4538 999 4658 conscripta
1033 4563 1154 4639 sunt,
1186 4564 1230 4626 et
1265 4539 1309 4625 in
1343 4537 1448 4625 inte·
1511 4542 1622 4660 ipsas
1662 4540 1911 4645 innuimus,
1956 4532 2165 4658 quaedam
2212 4561 2319 4620 vero

648 4665 734 4786 gris
778 4696 826 4754 ac
871 4659 1191 4786 perfectioribus
1233 4660 1449 4753 codicibus‘
1512 4669 1637 4755 etiam
1663 4667 1827 4788 integra
1860 4659 2199 4788 suppeditamus.
2233 4661 2315 4750 At·

650 4822 869 4913 expressa,
902 4818 1049 4882 contra
1070 4793 1115 4880 in
1138 4787 1355 4881 hodiernis
1376 4816 1448 4880 aut
1512 4827 1596 4920 que
1633 4793 1738 4884 haec
1784 4819 1909 4907 sunt,
1948 4823 2056 4918 quae
2091 4787 2145 4882 de
2181 4787 2315 4879 hebr.

648 4923 798 5008 omissa
831 4915 956 5008 fuisse
990 4923 1189 5044 penitus,
1221 4943 1293 5008 aut
1329 4921 1448 5008 muti·
1513 4948 1608 5049 typ.
1635 4923 1803 5047 origine
1836 4957 1883 5015 ac
1913 4909 2134 5047 primitiis,
2154 4949 2317 5008 earum·

649 5045 756 5157 lata,
788 5073 860 5137 aut
893 5074 1040 5138 contra
1073 5073 1291 5137 auctorum
1318 5045 1449 5138 fidem
1547 5085 1597 5143 ue
1636 5055 1829 5160 raritate,
1861 5051 2115 5178 praestantia
2156 5074 2200 5137 et
2242 5077 2317 5135 usu

649 5177 884 5265 immutata.
917 5171 971 5264 In
1004 5175 1194 5267 editione
1227 5207 1292 5264 an.
1325 5200 1444 5292 1477
1513 5085 1710 5270 duximus
1744 5179 1987 5272 Annalibus
2020 5179 2174 5270 nostris
2194 5206 2316 5298 prae·

649 5330 692 5394 et
727 5299 861 5426 Neap.
897 5298 1016 5418 1487
1052 5301 1301 5394 Kimchiani
1326 5303 1451 5395 Com.
1515 5309 1744 5402 mittenda.
1778 5306 1904 5402 Nunc
1935 5307 1990 5400 ad
2022 5306 2231 5400 editiones
2256 5303 2319 5426 ip-

648 5437 695 5522 in
727 5429 913 5523 Psalmos
947 5431 1001 5524 ad
1033 5430 1147 5526 Psal.
1180 5462 1211 5524 n
1246 5457 1302 5528 12
1335 5436 1452 5529 mul·-
1516 5469 1578 5528 sas
1610 5437 1876 5530 accedamus.

1233 5630 1237 5637 ’
1271 5659 1693 5758 stov

926 995 965 1122 §.
1020 983 1225 1087 xxvr'

602 1186 610 1200 ·
744 1170 851 1258 §nepa
882 1171 983 1236 etiam
1012 1166 1187 1258 suppleat,
1215 1171 1250 1237 in
1278 1165 1363 1240 locr't

652 1337 656 1354 .
734 1323 756 1345 .‚
795 1283 1010 1373 potissimum
1039 1282 1318 1352 antichristianis.
1401 1288 1406 1298 '
