5222 7090
685 729 730 793 V!
1097 713 1461 790 DISSERTATIO
1489 709 1929 788 PRAELIMINARIS

1007 953 1051 1079 §.
1104 985 1156 1046 11
1409 953 1412 958 ’
1695 1087 1706 1110 χ
1843 941 1886 1078 3.
1935 981 2019 1042 ιιι

750 1127 910 1202 Auctoris
941 1128 1153 1220 Dr'squr‘sr’tio
1183 1125 1264 1230 olim
1292 1127 1403 1200 edito.
1564 1127 1660 1196 Novi
1688 1123 1841 1197 Annales
1869 1123 2290 1218 hebraeo-typographr'et‘.

776 1263 901 1385 Quae
945 1298 1077 1389 quum
1120 1267 1179 1354 ita
1227 1267 1341 1374 sint,
1385 1297 1474 1357 non
1616 1261 1777 1387 Majori
1808 1263 2088 1354 contentione
2114 1269 2332 1361 continua·

677 1396 846 1486 inanem
880 1425 946 1508 me
979 1427 1089 1506 rem,
1122 1427 1202 1484 nec
1223 1419 1391 1486 nostrae
1408 1428 1474 1486 ae·
1530 1419 1574 1484 ta
1607 1418 1649 1482 et
1685 1396 1832 1483 iterata
1864 1417 1966 1482 sunt
1996 1391 2161 1505 studia,
2194 1426 2332 1488 nouae

674 1526 773 1614 tatis
805 1497 1051 1614 hominibus
1094 1525 1173 1648 qui
1206 1522 1288 1613 hoc
1337 1525 1475 1614 erodi·
1531 1520 1692 1645 ubique
1737 1555 1785 1611 ac
1829 1517 2125 1646 diligentiores
2167 1521 2334 1649 disqui-

676 1655 805 1742 tionis
838 1683 995 1775 genere
1024 1655 1069 1741 in
1099 1654 1242 1776 primis
1263 1651 1474 1744 delectan-
1530 1654 1703 1740 sitiones
1735 1645 1896 1760 factae,
1928 1649 2035 1740 aliae
2063 1649 2234 1799 ..plures
2247 1653 2333 1744 edi·

675 1805 767 1886 tur,
801 1781 1005 1904 ingratam
1026 1775 1234 1871 facturum
1264 1784 1384 1872 annis
1403 1782 1475 1873 ab·
1530 1781 1669 1869 tiones
1689 1777 1883 1868 detectae
1911 1804 2035 1869 antea
2061 1779 2332 1903 incognitae,

533 1917 537 1928 “
674 1908 778 1999 hinc
811 1906 1103 1998 novemdecim
1123 1909 1344 2000 arbitratus
1365 1943 1474 2022 sum,
1531 1937 1672 1998 erutae
1721 1939 1829 2032 quae
1882 1939 2069 2015 novam,
2116 1911 2334 2034 antiquio-

675 2041 712 2128 si
765 2036 823 2128 d'e
875 2035 1096 2129 hebraicae
1156 2039 1474 2165 typographiae
1530 2069 1644 2148 rem,
1693 2039 1901 2126 veriorem
1935 2033 2120 2185 prodant
2163 2035 2332 2130 hebrai·

675 2168 841 2290 origine
874 2197 923 2255 ac
959 2168 1153 2289 primitiis
1187 2163 1475 2317 Disquisitio-
1527 2197 1604 2255 cae
1637 2163 1955 2292 typographiae
1972 2168 2202 2314 originem,
2223 2167 2332 2258 mul-

675 2327 771 2386 nem
773 2294 961 2385 ederem
978 2293 1209 2385 historico·
1211 2297 1417 2404 criticam,
1430 2298 1476 2386 in
1531 2320 1599 2384 tae
1652 2321 1842 2416 repertae
1894 2292 1989 2384 solo
2036 2296 2209 2384 nomine
2258 2297 2333 2390 vel

675 2457 762 2573 qua
802 2449 1096 2548 argumentum
1141 2423 1252 2514 istud
1286 2424 1474 2551 diligen·
1531 2421 1661 2512 titulo
1695 2449 1844 2530 notae,
1878 2421 2013 2512 multa
2045 2420 2197 2513 educta
2225 2450 2333 2515 utra·

677 2557 760 2643 tius
793 2553 1123 2676 expenderetur.
1177 2555 1247 2644 Ac
1260 2553 1474 2676 planiora
1529 2584 1706 2676 rumque
1739 2549 1997 2676 exempla''
1970 2581 2021 2642 ns
2070 2549 2331 2647 illustrandis

675 2681 850 2805 quidem
897 2681 1041 2770 omnia
1081 2710 1227 2772 nostro
1269 2714 1322 2772 eo
1364 2716 1476 2811 opu·
1530 2679 1671 2786 utilia,
1705 2713 1794 2769 non
1828 2711 1987 2802 paucae
2019 2678 2074 2770 ab
2106 2678 2331 2774 oblivione

676 2809 798 2903 sculo
820 2841 900 2936 pro
922 2809 1076 2900 virium
1108 2809 1285 2901 modulo
1311 2839 1475 2903 actem·
1530 2808 1775 2902 vindicatae
1807 2841 1995 2957 quarum·
2020 2811 2216 2900 memoria
2244 2843 2333 2901 om·

675 2972 782 3064 pore
815 2935 924 3030 facta
957 2963 1081 3046 sunt,
1123 2943 1248 3064 origo
1282 2967 1323 3031 et
1358 2943 1476 3033 incu-
1531 2942 1598 3028 nis
1630 2935 1846 3028 intercidit
1880 2936 1995 3028 vel
1985 2970 2030 3026 ιιι
2071 2936 2173 3028 solis
2206 2965 2333 3032 vetu-

604 3177 608 3186 .
675 3067 835 3159 nabulo
867 3064 1395 3215 hebraeo-typographica
1413 3103 1476 3159 re·
1531 3068 1605 3157 stis
1622 3063 1993 3194 typographorum
2012 3070 2265 3160 testimoniis
2289 3097 2334 3161 et

675 3200 783 3287 ctius
804 3196 1055 3302 constituta,
1078 3223 1350 3286 monumenta
1371 3197 1475 3288 haec
1531 3199 1812 3286 monumentis
1855 3220 2073 3306 servatur,
2105 3229 2217 3320 quae
2250 3230 2331 3289 no·

538 3436 541 3440 ,
677 3323 879 3416 studiose
897 3325 1161 3448 conquisita,
1194 3319 1377 3414 feliciter
1409 3359 1476 3415 re·
1530 3321 1779 3430 scebantur,
1814 3321 1950 3414 multo
1983 3322 2152 3448 plenius
2184 3359 2232 3417 ac
2265 3325 2333 3416 di·

680 3477 832 3576 perta,
866 3450 1034 3577 plenius
1071 3477 1115 3544 et
1147 3456 1380 3544 accuratius
1423 3455 1475 3544 il·
1530 3452 1729 3600 ligentius
1794 3450 2066 3576 descriptae,
2131 3456 2331 3546 severiori

676 3581 875 3691 lustrata,
907 3605 1123 3670 auctorum
1156 3613 1318 3672 errores
1348 3582 1475 3672 innu-
1531 3582 1691 3672 trutina
1724 3612 1962 3702 expensae,
1993 3569 2151 3705 aptiori
2177 3583 2386 3676 ordine„

677 3711 781 3816 meti
815 3707 1050 3814 emendati,
1095 3707 1251 3799 multae
1285 3710 1476 3801 detectae
1531 3707 1787 3833 dispositae,
1836 3701 1984 3798 fusiori
2033 3717 2332 3803 commentario

678 3837 887 3928 editiones
935 3863 978 3926 et
1010 3777 1181 3928 additae
1225 3836 1364 3928 illis
1355 3871 1477 3962 igno-
1533 3837 1907 3930 historico-critico
1941 3839 2202 3948 illustratae,
2235 3875 2332 3967 sup

676 3993 770 4076 tae,
801 3998 928 4056 verae
960 3999 983 4054 a
1017 3967 1298 4091 supposititiis
1330 3967 1477 4058 distin·
1532 3969 1742 4091 posititiae
1790 3967 1937 4058 melius
1986 3967 2233 4082 distinctae,
2267 4004 2333 4062 ra·

677 4123 794 4206 ctae,
827 4092 1000 4184 libellus
1050 4095 1236 4219 benigne
1284 4094 1475 4188 adoctis
1533 4099 1663 4185 riores
1713 4121 1757 4186 et
1805 4099 1952 4187 unicae
2001 4095 2209 4190 lectiones
2260 4097 2332 4189 vel

675 4223 1146 4348 exceptus,probatus,
1165 4257 1330 4317 recusus
1339 4231 1475 4352 ,quin
1531 4225 1849 4316 antichristiana
1873 4226 1979 4316 loca
2012 4224 2185 4316 uberius
2218 4225 2333 4317 indi-

676 4351 811 4444 ullam
845 4350 936 4441 vel
949 4356 1159 4444 minimam
1195 4355 1472 4445 editionem”
1444 4391 1476 4444 n
1531 4355 1689 4475 gitata,
1731 4353 1883 4442 allatae
1937 4351 2189 4474 epigraphes
2241 4351 2331 4445 fere

676 4479 883 4571 adderent
916 4505 989 4570 aut
1023 4481 1147 4604 plura
1190 4481 1291 4572 addi
1326 4517 1349 4572 a
1383 4517 1477 4571 me·-
1532 4511 1700 4582 omnes,
1743 4480 1866 4569 etiam
1900 4479 2138 4600 longiores,
2170 4511 2331 4604 eaeque

677 4612 774 4732 ipso
809 4641 933 4734 posse
964 4607 1293 4700 arbitrarentur
1344 4608 1475 4700 Absit
1533 4638 1623 4696 non
1671 4607 1804 4701 latine
1837 4605 1967 4697 modo
2008 4605 2111 4698 sed·
2131 4607 2332 4702 hebraice

677 4764 817 4832 tamen
852 4762 898 4825 ut
930 4736 1191 4860 aliquantula
1236 4737 1316 4828 hac
1350 4737 1476 4828 laude
1534 4760 1578 4825 et
1610 4735 1918 4888 autographae,
1950 4768 2067 4826 aerae
2089 4739 2241 4828 rectius
2261 4738 2331 4830 de·

678 4889 903 4954 contentus
923 4899 1047 4990 quam
1081 4865 1476 4991 videbatadeptus,
1534 4859 1710 4972 finitae,
1764 4868 2026 4988 potissimum
2080 4864 2330 4958 christianae

678 5025 744 5083 me
777 5017 840 5082 sat
873 4996 966 5083 voti
1008 4996 1090 5084 mei
1132 5025 1372 5120 compotem
1415 4992 1477 5085 fa·
1533 5027 1642 5142 quae
1690 4993 1869 5120 judaicis
1918 4993 2206 5118 respondent,
2240 4995 2333 5086 edi-

678 5148 791 5211 ctum
824 5149 1091 5250 sportamque
1123 5123 1234 5214 hanc
1260 5121 1478 5215 dimitten-
1534 5125 1758 5247 tionesque
1792 5157 1936 5214 omnes
1969 5157 2077 5249 quae
2105 5123 2296 5214 cadunt
2285 5157 2332 5214 m

678 5250 775 5340 dam
795 5277 1014 5375 putarem
1034 5254 1078 5340 in
1101 5285 1230 5377 quam
1251 5253 1478 5344 vehemen
1535 5278 1717 5374 quatuor
1745 5254 1901 5377 primos
1947 5284 2105 5343 menses
2138 5255 2240 5342 anni
2270 5253 2334 5376 ju·

678 5381 778 5468 tiori
815 5410 899 5506 ego
937 5413 1077 5473 amore
1121 5408 1166 5472 et
1199 5382 1477 5474 incitamento
1536 5377 1673 5491 daici,
1721 5381 1775 5471 ad
1809 5407 2041 5505 postremos
2074 5381 2332 5505 praeceden-

679 5503 868 5644 ferebar.
1536 5511 1590 5602 tis
1621 5509 1838 5602 christiani
1870 5513 2097 5602 accusatius
2140 5509 2332 5600 amatrda-
