5222 7090
859 667 1071 742 Pras
1128 670 1417 800 ereptura
1902 696 1950 774 55

311 838 365 918 uel
393 835 555 930 excedit,
583 837 690 915 rarius
717 836 872 917 duabus.
901 840 997 918 Folia
1027 866 1098 918 nott
1154 816 1227 920 csse
1259 845 1359 944 380,
1386 869 1537 952 quorum
1569 871 1619 945 99
1650 869 1798 952 occupat
1826 850 1949 926 Penta·

311 979 555 1041 numerantur,
583 951 643 1030 sed
672 951 802 1029 habent
829 979 932 1062 supra
960 979 1100 1061 expres·
1156 955 1323 1046 teuchus,
1349 958 1643 1065 13rteghittoth‚
1673 986 1762 1064 quae
1786 960 1844 1037 hic
1866 966 1956 1038 Pen-

311 1093 366 1144 sos
393 1066 562 1144 librorum
593 1064 648 1141 vel
677 1067 866 1143 sectionum
896 1067 1031 1156 titulos,
1051 1068 1105 1144 in·
1160 1067 1326 1148 tateucho
1368 1071 1557 1149 succedunt
1601 1070 1724 1148 eodem
1767 1073 1875 1150 murlo
1917 1098 1954 1151 et

312 1179 361 1256 fra
390 1205 474 1256 vero
501 1178 660 1256 custodes
688 1204 723 1255 et
751 1181 960 1288 signaturas.
1158 1182 1310 1270 ordine,
1347 1211 1420 1290 quo
1461 1185 1496 1260 in
1537 1183 1653 1262 Bibliis
1701 1185 1954 1294 Hoogtbianis,

384 1292 484 1370 Initia
513 1291 706 1369 sectionum
734 1291 820 1400 legis
840 1291 1008 1398 quadrato
1022 1293 1104 1372 cha-
1162 1296 1212 1395 87
1243 1297 1436 1402 Prophetae
1464 1299 1613 1404 priores,
1639 1325 1788 1405 quorum
1818 1323 1955 1407 postte·

311 1429 443 1483 ractere
471 1406 592 1510 majori
617 1432 658 1482 ac
685 1405 815 1482 rudiori
842 1428 921 1482 sunt
950 1430 1105 1496 exarata,-
1158 1435 1219 1484 mo
1248 1433 1349 1485 verso
1375 1410 1496 1517 incipit
1540 1411 1660 1498 isaias,
1695 1415 1743 1486 88
1783 1413 1966 1521 posterio-⁴

312 1517 490 1596 character
517 1542 634 1598 textus
659 1543 711 1595 est
752 1517 870 1624 paullo
899 1521 1012 1598 minor
1039 1545 1105 1608 eo,
1161 1548 1234 1611 res,
1275 1548 1325 1624 93
1370 1525 1616 1634 hgiographa.
1656 1529 1798 1632 Loquor
1836 1545 1955 1602 autern

313 1632 373 1738 qui
413 1633 448 1708 in
488 1630 670 1739 Prophetis
714 1655 770 1708 an.
819 1635 921 1730 1486
963 1633 1106 1739 aliisquo
1160 1633 1205 1710 dc
1233 1637 1429 1742 impressis,
1458 1663 1536 1713 nam
1569 1636 1605 1713 in
1634 1637 1839 1746 cl.Pabricy
1861 1665 1956 1716 sum,

315 1745 583 1823 Soncinensibus
617 1743 828 1824 editionibus
872 1747 1108 1853 conspicitur,
1164 1774 1219 1824 tna
1248 1775 1337 1855 quae
1377 1749 1577 1858 producitur
1605 1749 1648 1828 ad
1685 1759 1785 1856 383,
1814 1751 1955 1857 procul*

313 1883 381 1934 nott
410 1859 611 1968 inelegans,
648 1858 708 1936 sed
739 1859 931 1964 paullulum
970 1859 1107 1936 acumi-
1162 1859 1270 1938 dubio
1298 1862 1642 1969 comprehenduntur
1678 1865 1755 1940 alba
1787 1864 1954 1943 nonnulla

310 1997 437 2057 natus,
466 1996 528 2049 nec
567 1968 611 2048 ad
640 1971 848 2079 hispanicam
888 1972 1035 2049 formam
1064 1999 1104 2049 ac
1160 1974 1194 2050 in
1223 1977 1385 2052 Romanis
1413 1977 1584 2084 exemplis
1612 1978 1752 2054 inserta.

314 2085 563 2194 perfectionem
616 2086 802 2162 accedens.
843 2088 992 2162 Litterae
1032 2111 1104 2162 non
1244 2092 1412 2190 Quamvis
1454 2115 1568 2168 autern
1615 2087 1805 2201 epigraphe
1845 2112 1956 2170 totam

314 2199 468 2304 perfecte
496 2198 677 2304 aequales,
719 2225 783 2276 nec
825 2224 878 2277 sat
920 2199 1106 2306 aequaliter
1161 2198 1351 2279 editionem
1379 2205 1651 2312 complectatur,
1678 2231 1717 2280 ea
1747 2229 1954 2282 tamennon

313 2313 518 2418 dispositae.
556 2313 683 2390 Divina
711 2313 851 2389 uomina
882 2337 944 2420 per
972 2333 993 2390 't
1020 2311 1107 2388 effe-
1162 2313 1205 2391 ad
1246 2317 1568 2426 Agiographorum,
1609 2317 1668 2394 sed
1697 2314 1741 2393 ad
1770 2321 1956 2402 Pentatette

312 2451 455 2514 ruutur,
485 2426 676 2532 Prophetae
717 2426 866 2504 minores
897 2427 1038 2503 unicum
1067 2427 1107 2502 li·
1162 2427 1221 2504 chi
1250 2430 1377 2507 calcem
1416 2431 1618 2535 suincitur,
1646 2431 1700 2508 his
1729 2430 1843 2506 uerbis
1871 2455 1957 2506 con·

314 2538 418 2614 brutn
462 2541 701 2629 constituunt,
743 2540 837 2616 nulla
866 2539 956 2616 facta
985 2565 1107 2616 eorum
1163 2565 1291 2646 cepta:
1333 2566 1428 2640 orph
1471 2566 1598 2629 rhun
1630 2533 1785 2622 ”nauhu
1823 2540 1957 2623 :abunt

315 2654 385 2728 sive
416 2652 578 2758 ampliori
606 2653 739 2760 spatio,
764 2654 835 2730 sire
855 2657 951 2730 nouis
974 2652 1103 2741 titulis,
1159 2649 1275 2745 turb
1304 2677 1407 2734 norm
1442 2678 1515 2736 utute
1542 2657 1677 2737 nunbtttn
1705 2680 1794 2740 unus
1821 2676 1957 2739 nauum

312 2767 386 2842 sire
414 2766 557 2843 demum
601 2765 788 2872 majoribus
828 2766 1014 2844 initialibus
1042 2765 1104 2840 lit·
1161 2765 1234 2844 tc'u
1268 2789 1371 2852 uum·
1412 2769 1488 2847 ἡ)
1528 2791 1658 2850 autnon
1694 2769 1819 2850 bunun
1848 2791 1956 2849 rmut

314 2881 414 2967 teris,
445 2878 688 2972 dtstinctione,
727 2881 867 2957 unicutn
910 2881 1013 2958 eriam
1044 2883 1108 2957 Es·
1162 2903 1233 2956 burt
1261 2882 1343 2960 tn'ttu
1368 2903 1420 2975 tn)
1448 2882 1548 2962 bunut*
1577 2883 1674 2962 bbmrt
1712 2905 1828 2962 :sanct
1856 2895 1981 2960 τω).

313 2991 394 3068 dtas
421 3017 456 3069 et
498 2992 701 3080 Nehemias,
737 3021 775 3070 ac
815 2993 887 3071 biui
917 2993 1105 3086 Samuelis,
1164 3014 1258 3073 rou
1297 3016 1361 3072 'rut
1388 3000 1483 3078 turni
1521 3018 1593 3080 nutu
1621 3017 1711 3074 utun
1749 2997 1855 3076 'uhu’
1886 3013 1957 3070 :u

313 3110 448 3214 Regum
467 3131 501 3182 et
522 3107 788 3184 Chronicorum.
803 3107 984 3185 Librorum
1005 3105 1107 3183 dimi·
1160 3129 1328 3188 tnnsuroo
1364 3129 1466 3192 *tutan
1505 3131 1537 3186 'tt
1576 3109 1618 3193 hu
1655 3129 1712 3206 top
1750 3107 1956 3190 unnh'tr'nn

313 3219 412 3298 diurn
454 3245 618 3296 consucta
659 3219 808 3296 formula
848 3222 884 3296 in
927 3244 1024 3298 textu
1065 3245 1106 3296 ac
1163 3239 1252 3298 :rut
1281 3227 1379 3301 nn'nn
1415 3219 1490 3300 nit*
1529 3245 1664 3301 :matt
1693 3245 1825 3319 pputnrt
1853 3243 1955 3312 totum

315 3332 530 3414 tentualibus
554 3331 674 3410 litteris
697 3334 890 3427 indicatur,
917 3335 982 3411 sub
1000 3335 1105 3409 finem
1161 3332 1309 3414 rruthnn
1337 3358 1401 3414 nn
1430 3357 1531 3414 tuo'o
1559 3359 1651 3428 trun
1678 3357 1819 3420 nutam
1845 3355 1884 3427 tn
1913 3333 1954 3412 b'r

315 3446 538 3522 Thrennrum
569 3469 605 3521 et
621 3447 839 3525 Ecclesiasres
853 3449 1008 3526 consueti
1030 3473 1107 3523 tter·
1161 3467 1298 3527 lustros
1339 3469 1424 3546 ppn)
1463 3504 1485 3538 „
1512 3451 1706 3526 Perfectum
1745 3473 1798 3528 est
1835 3471 1955 3525 autern

313 3585 372 3637 sus
402 3583 631 3665 repetuntur,
666 3561 727 3638 sed
758 3566 793 3638 in
822 3563 907 3638 Isaia
935 3589 974 3638 ac
1002 3562 1108 3636 Mala·
1164 3587 1252 3666 opus
1291 3563 1466 3642 ministerii
1507 3566 1615 3641 sancti
1650 3587 1750 3640 xxrv
1785 3561 1958 3638 librorum

313 3673 393 3750 cbia
434 3672 504 3748 sola
551 3677 709 3780 apposita
749 3674 832 3780 sigla
874 3697 977 3771 ppnt,
1017 3699 1106 3780 quae
1164 3675 1375 3780 perfectione
1413 3705 1481 3782 qua
1509 3676 1643 3754 studuit
1682 3700 1869 3784 propagare
1898 3676 1957 3750 le-

313 3787 480 3864 tnendose
525 3787 628 3862 etiam
678 3793 847 3896 reperitur
892 3789 934 3864 ad
977 3790 1106 3863 calcem
1162 3813 1242 3894 gem
1272 3792 1306 3865 in
1336 3791 1436 3865 Israel
1466 3791 1671 3868 clarissimus
1699 3815 1732 3865 et
1761 3787 1885 3865 excell.
1915 3791 1957 3866 R.

311 3897 531 3978 Ezechielis.
559 3900 673 3990 Prima
696 3903 818 4011 pagina
841 3908 961 3983 Josuae
982 3901 1106 3977 eodem
1163 3906 1280 3982 Josuas
1306 3901 1494 3994 Salomon,
1532 3905 1592 4007 qui
1625 3902 1738 3980 uideat
1767 3927 1884 3980 semen
1915 3928 1957 3977 ac

312 4039 438 4092 ornatu
476 4013 681 4108 decoratur,
722 4041 794 4123 quc
829 4018 1106 4092 Commentarius
1163 4015 1348 4123 prolunget
1387 4015 1483 4103 dies,
1523 4017 1615 4094 filius
1642 4016 1765 4094 excell.
1793 4016 1957 4123 sapientis

313 4127 512 4210 lerchianus
552 4130 630 4202 anni
662 4127 918 4234 praecedentis,
952 4130 1013 4234 qui
1044 4130 1107 4204 flo·
1162 4126 1303 4233 perfecti
1355 4130 1487 4206 Israelis
1535 4129 1699 4205 Natltanis
1738 4130 1799 4234 qui
1840 4129 1956 4206 videat

312 4267 367 4320 res
407 4237 549 4346 quidem
589 4265 624 4316 et
664 4269 801 4331 ramos,
843 4269 990 4320 vacuum
1023 4242 1108 4318 iufra
1165 4266 1273 4317 annos
1302 4241 1428 4319 multos
1455 4266 1490 4318 et
1519 4241 1652 4331 bonos,
1681 4241 1787 4318 hodie
1806 4240 1890 4316 feria
1915 4265 1966 4322 111w

312 4354 505 4433 stemmatis
544 4354 660 4431 locum
702 4382 840 4463 tresque
879 4356 1109 4462 angelosue-
1165 4354 1221 4428 die
1245 4379 1287 4432 xr
1309 4358 1432 4432 mensis
1458 4355 1522 4457 jiar
1551 4356 1626 4452 (in.
1657 4355 1767 4461 maji)
1797 4379 1853 4428 an.
1875 4355 1954 4448 248

314 4489 533 4576 praesentat,
552 4493 621 4542 non
640 4470 766 4546 multas
785 4467 1016 4575 absurdasque
1037 4468 1111 4545 ani·
1167 4470 1308 4545 minoris
1347 4469 1601 4576 supputationis
1631 4495 1691 4574 per
1721 4493 1862 4545 manum
1892 4466 1957 4542 tni·

314 4580 461 4658 mulium
499 4580 752 4660 circumductas
781 4585 926 4692 figuras,
956 4607 995 4658 ut
1024 4583 1110 4658 falso
1168 4583 1252 4656 nimi
1279 4607 1325 4658 etr
1354 4583 1568 4660 familiasua
1591 4581 1730 4658 artificis
1754 4583 1958 4686 imprimen-

315 4697 433 4772 assetit
462 4692 506 4770 cl.
535 4695 698 4774 Brunsius
727 4699 762 4774 in
792 4695 884 4774 noris
902 4696 944 4772 ad
967 4697 1111 4772 Kennic.
1170 4696 1213 4770 tis
1241 4696 1297 4772 uel
1327 4694 1538 4804 typographi
1570 4693 1783 4782 Abrahami,
1808 4695 1870 4800 qui
1901 4691 1958 4768 ui-

314 4811 403 4887 Diss.
431 4832 509 4916 gen.
538 4835 574 4914 p.
603 4836 705 4906 442.
748 4809 850 4889 Solus
878 4810 1020 4924 angelus
1049 4834 1112 4884 su·
1168 4807 1247 4884 deat
1277 4835 1392 4885 sernen
1422 4837 1462 4885 ac
1490 4807 1563 4884 dies
1593 4811 1783 4916 producat,
1810 4805 1870 4882 filii
1895 4805 1960 4883 do·

316 4923 432 5031 perior
460 4921 503 4998 ad
546 4924 698 4999 exterius
736 4951 777 5002 ac
804 4923 990 5001 dexterum
1024 4921 1113 5000 latus
1169 4923 1253 4996 mini
1283 4927 1322 4998 tt.
1351 4922 1486 4999 Cltaiitn
1524 4921 1579 4997 fel.
1609 4949 1711 5000 utem.
1750 4948 1794 4997 etr
1824 4919 1960 4996 tincto-

317 5037 481 5114 baculum
523 5034 576 5112 vel
618 5036 771 5114 lanceam
812 5037 846 5113 in
886 5062 925 5113 os
954 5037 1111 5112 immittit
1170 5035 1264 5112 ribus
1302 5037 1449 5142 regionis
1488 5035 1640 5124 Pisauri,
1679 5034 1863 5112 habitantis
1892 5037 1961 5108 Bo·

314 5149 435 5258 exigui
476 5151 599 5254 capitis
637 5149 760 5238 botis,
798 5150 894 5256 quod
924 5177 988 5226 nec
1016 5151 1111 5225 inte·
1168 5150 1313 5225 noniae.
1342 5154 1515 5225 Excusum
1543 5149 1683 5225 Soncini
1706 5200 1751 5238 „.
1778 5153 1874 5222 Hanc
1904 5168 1960 5253 ty·

317 5289 417 5372 grum
452 5264 648 5368 prominet.
689 5265 883 5340 Numeratis
923 5262 1047 5340 iterum
1076 5285 1111 5337 et
1169 5260 1340 5368 pographi
1361 5261 1645 5366 subscriptionem
1668 5261 1758 5334 male
1780 5282 1874 5334 notat
1896 5258 1959 5333 do·

318 5379 510 5455 accuratius
539 5375 631 5452 foliis
659 5381 766 5453 totius
808 5376 967 5454 editionis
996 5375 1034 5451 in
1059 5375 1112 5448 in·
1168 5375 1340 5452 ctissitnus
1389 5371 1671 5450 Monrfauconius
1717 5375 1752 5447 in
1799 5369 1958 5448 Mediceo

320 5491 509 5600 tegerrirno
537 5515 617 5566 meo
639 5489 852 5598 exemplari,
879 5489 1055 5597 comperio
1071 5513 1113 5564 ca
1168 5485 1359 5592 exemplari
1387 5515 1469 5564 curn
1492 5484 1602 5589 prima
1625 5485 1748 5594 pagina
1769 5481 1960 5576 excidisse,
