<?xml version="1.0" encoding="UTF-8"?>
<!DOCTYPE html PUBLIC "-//W3C//DTD XHTML 1.0 Transitional//EN"
    "http://www.w3.org/TR/xhtml1/DTD/xhtml1-transitional.dtd">
<html xmlns="http://www.w3.org/1999/xhtml" xml:lang="en" lang="en">
 <head>
  <title>
</title>
<meta http-equiv="Content-Type" content="text/html;charset=utf-8" />
  <meta name='ocr-system' content='tesseract 3.04.00' />
  <meta name='ocr-capabilities' content='ocr_page ocr_carea ocr_par ocr_line ocrx_word'/>
</head>
<body>
  <div class='ocr_page' id='page_1' title='image "./annaleshebraeot00rossgoog_0058.png"; bbox 0 0 5222 7090; ppageno 0'>
   <div class='ocr_carea' id='block_1_1' title="bbox 696 757 1894 838">
    <p class='ocr_par' dir='ltr' id='par_1_1' title="bbox 696 757 1894 838">
     <span class='ocr_line' id='line_1_1' title="bbox 696 757 1894 838; baseline -0.008 0"><span class='ocrx_word' id='word_1_1' title='bbox 696 763 754 838; x_wconf 51' lang='lat'>28⁴</span> <span class='ocrx_word' id='word_1_2' title='bbox 891 757 895 762; x_wconf 70' lang='grc'><strong>’</strong></span> <span class='ocrx_word' id='word_1_3' title='bbox 1115 761 1481 838; x_wconf 82' lang='lat' dir='ltr'><em>ANNALES</em></span> <span class='ocrx_word' id='word_1_4' title='bbox 1537 759 1894 831; x_wconf 66' lang='lat' dir='ltr'>iren-Tre.</span> 
     </span>
    </p>
   </div>
   <div class='ocr_carea' id='block_1_2' title="bbox 614 927 2381 5692">
    <p class='ocr_par' dir='ltr' id='par_1_2' title="bbox 614 927 2381 5692">
     <span class='ocr_line' id='line_1_2' title="bbox 689 927 2329 1048; baseline -0.006 -30"><span class='ocrx_word' id='word_1_5' title='bbox 689 935 866 1048; x_wconf 82' lang='lat' dir='ltr'>crepantia</span> <span class='ocrx_word' id='word_1_6' title='bbox 905 935 1063 1016; x_wconf 81' lang='lat' dir='ltr'>editionis</span> <span class='ocrx_word' id='word_1_7' title='bbox 1091 935 1275 1015; x_wconf 83' lang='lat' dir='ltr'>Brixieusis</span> <span class='ocrx_word' id='word_1_8' title='bbox 1306 962 1326 1012; x_wconf 90' lang='lat' dir='ltr'>a</span> <span class='ocrx_word' id='word_1_9' title='bbox 1355 935 1477 1012; x_wconf 89' lang='lat' dir='ltr'>Pisau-</span> <span class='ocrx_word' id='word_1_10' title='bbox 1532 930 1668 1024; x_wconf 87' lang='lat' dir='ltr'>dendo,</span> <span class='ocrx_word' id='word_1_11' title='bbox 1685 932 1746 1041; x_wconf 91' lang='lat' dir='ltr'>qui</span> <span class='ocrx_word' id='word_1_12' title='bbox 1780 927 1974 1010; x_wconf 84' lang='lat' dir='ltr'>Berachdth</span> <span class='ocrx_word' id='word_1_13' title='bbox 2010 929 2225 1038; x_wconf 91' lang='lat' dir='ltr'>appellatur,</span> <span class='ocrx_word' id='word_1_14' title='bbox 2249 956 2329 1038; x_wconf 89' lang='lat' dir='ltr'>pro·</span> 
     </span>
     <span class='ocr_line' id='line_1_3' title="bbox 690 1044 2329 1159; baseline -0.005 -30"><span class='ocrx_word' id='word_1_15' title='bbox 690 1057 781 1132; x_wconf 87' lang='lat' dir='ltr'>reusi</span> <span class='ocrx_word' id='word_1_16' title='bbox 811 1079 864 1131; x_wconf 88' lang='lat' dir='ltr'>au.</span> <span class='ocrx_word' id='word_1_17' title='bbox 895 1077 1046 1141; x_wconf 83' lang='lat' dir='ltr'>uxnrv,</span> <span class='ocrx_word' id='word_1_18' title='bbox 1076 1047 1239 1128; x_wconf 87' lang='lat' dir='ltr'>videlicet</span> <span class='ocrx_word' id='word_1_19' title='bbox 1266 1048 1362 1159; x_wconf 92' lang='lat' dir='ltr'>quod</span> <span class='ocrx_word' id='word_1_20' title='bbox 1392 1048 1477 1125; x_wconf 88' lang='lat' dir='ltr'>haec</span> <span class='ocrx_word' id='word_1_21' title='bbox 1535 1071 1651 1151; x_wconf 86' lang='lat' dir='ltr'>pterea</span> <span class='ocrx_word' id='word_1_22' title='bbox 1696 1047 1790 1152; x_wconf 92' lang='lat' dir='ltr'>quod</span> <span class='ocrx_word' id='word_1_23' title='bbox 1824 1045 1867 1122; x_wconf 90' lang='lat' dir='ltr'>de</span> <span class='ocrx_word' id='word_1_24' title='bbox 1898 1044 2200 1123; x_wconf 75' lang='lat' dir='ltr'>benedictionibus</span> <span class='ocrx_word' id='word_1_25' title='bbox 2229 1067 2329 1152; x_wconf 84' lang='lat' dir='ltr'>agat.</span> 
     </span>
     <span class='ocr_line' id='line_1_4' title="bbox 689 1157 2334 1272; baseline -0.007 -28"><span class='ocrx_word' id='word_1_26' title='bbox 689 1165 834 1244; x_wconf 84' lang='lat' dir='ltr'>initiales</span> <span class='ocrx_word' id='word_1_27' title='bbox 874 1165 1069 1272; x_wconf 83' lang='lat' dir='ltr'>exprimat,</span> <span class='ocrx_word' id='word_1_28' title='bbox 1113 1163 1172 1241; x_wconf 89' lang='lat' dir='ltr'>illa</span> <span class='ocrx_word' id='word_1_29' title='bbox 1215 1189 1283 1240; x_wconf 93' lang='lat' dir='ltr'>nou</span> <span class='ocrx_word' id='word_1_30' title='bbox 1325 1161 1480 1255; x_wconf 87' lang='lat' dir='ltr'>habeat,</span> <span class='ocrx_word' id='word_1_31' title='bbox 1535 1159 1674 1250; x_wconf 82' lang='lat' dir='ltr'>Editio,</span> <span class='ocrx_word' id='word_1_32' title='bbox 1704 1164 1803 1264; x_wconf 87' lang='lat' dir='ltr'>cujus</span> <span class='ocrx_word' id='word_1_33' title='bbox 1831 1159 2053 1267; x_wconf 84' lang='lat' dir='ltr'>magnificum</span> <span class='ocrx_word' id='word_1_34' title='bbox 2071 1157 2164 1264; x_wconf 88' lang='lat' dir='ltr'>apud</span> <span class='ocrx_word' id='word_1_35' title='bbox 2187 1185 2250 1234; x_wconf 90' lang='lat' dir='ltr'>uos</span> <span class='ocrx_word' id='word_1_36' title='bbox 2269 1175 2334 1234; x_wconf 84' lang='lat' dir='ltr'>ex·</span> 
     </span>
     <span class='ocr_line' id='line_1_5' title="bbox 688 1271 2330 1388; baseline -0.005 -32"><span class='ocrx_word' id='word_1_37' title='bbox 688 1283 771 1388; x_wconf 89' lang='lat' dir='ltr'>quia</span> <span class='ocrx_word' id='word_1_38' title='bbox 799 1278 1007 1358; x_wconf 87' lang='lat' dir='ltr'>Pisaurensis</span> <span class='ocrx_word' id='word_1_39' title='bbox 1036 1275 1166 1366; x_wconf 90' lang='lat' dir='ltr'>editio,</span> <span class='ocrx_word' id='word_1_40' title='bbox 1195 1299 1233 1353; x_wconf 90' lang='lat' dir='ltr'>ut</span> <span class='ocrx_word' id='word_1_41' title='bbox 1263 1276 1477 1367; x_wconf 86' lang='lat' dir='ltr'>videbimus,</span> <span class='ocrx_word' id='word_1_42' title='bbox 1535 1296 1584 1348; x_wconf 90' lang='lat' dir='ltr'>tat</span> <span class='ocrx_word' id='word_1_43' title='bbox 1615 1272 1914 1350; x_wconf 86' lang='lat' dir='ltr'>membranaceum</span> <span class='ocrx_word' id='word_1_44' title='bbox 1943 1271 2330 1380; x_wconf 70' lang='lat' dir='ltr'>exemplar,‚iucipita</span> 
     </span>
     <span class='ocr_line' id='line_1_6' title="bbox 614 1382 2332 1499; baseline -0.005 -28"><span class='ocrx_word' id='word_1_45' title='bbox 614 1394 742 1482; x_wconf 44' lang='grc' dir='ltr'>χέει</span> <span class='ocrx_word' id='word_1_46' title='bbox 770 1392 1013 1499; x_wconf 89' lang='lat' dir='ltr'>supposititia,</span> <span class='ocrx_word' id='word_1_47' title='bbox 1043 1390 1192 1495; x_wconf 90' lang='lat' dir='ltr'>ideoque</span> <span class='ocrx_word' id='word_1_48' title='bbox 1215 1388 1307 1466; x_wconf 90' lang='lat' dir='ltr'>nulla</span> <span class='ocrx_word' id='word_1_49' title='bbox 1325 1413 1398 1464; x_wconf 91' lang='lat' dir='ltr'>esse</span> <span class='ocrx_word' id='word_1_50' title='bbox 1419 1411 1481 1494; x_wconf 92' lang='lat' dir='ltr'>po-</span> <span class='ocrx_word' id='word_1_51' title='bbox 1536 1385 1649 1492; x_wconf 91' lang='lat' dir='ltr'>ptima</span> <span class='ocrx_word' id='word_1_52' title='bbox 1679 1409 1840 1462; x_wconf 91' lang='lat' dir='ltr'>tractatus</span> <span class='ocrx_word' id='word_1_53' title='bbox 1876 1382 2029 1462; x_wconf 89' lang='lat' dir='ltr'>dictione</span> <span class='ocrx_word' id='word_1_54' title='bbox 2062 1405 2183 1464; x_wconf 64' lang='lat' dir='ltr'>*noun</span> <span class='ocrx_word' id='word_1_55' title='bbox 2213 1389 2332 1488; x_wconf 88' lang='lat' dir='ltr'>maju-</span> 
     </span>
     <span class='ocr_line' id='line_1_7' title="bbox 689 1495 2331 1608; baseline -0.006 -24"><span class='ocrx_word' id='word_1_56' title='bbox 689 1531 756 1584; x_wconf 92' lang='lat' dir='ltr'>test</span> <span class='ocrx_word' id='word_1_57' title='bbox 786 1512 861 1608; x_wconf 78' lang='lat' dir='ltr'>ejus</span> <span class='ocrx_word' id='word_1_58' title='bbox 891 1507 1059 1582; x_wconf 86' lang='lat' dir='ltr'>varietas.</span> <span class='ocrx_word' id='word_1_59' title='bbox 1100 1505 1140 1577; x_wconf 92' lang='lat' dir='ltr'>In</span> <span class='ocrx_word' id='word_1_60' title='bbox 1170 1502 1369 1577; x_wconf 89' lang='lat' dir='ltr'>doctissimo</span> <span class='ocrx_word' id='word_1_61' title='bbox 1398 1525 1481 1577; x_wconf 89' lang='lat' dir='ltr'>veto</span> <span class='ocrx_word' id='word_1_62' title='bbox 1537 1497 1641 1574; x_wconf 85' lang='lat' dir='ltr'>sculis</span> <span class='ocrx_word' id='word_1_63' title='bbox 1683 1524 1722 1574; x_wconf 90' lang='lat' dir='ltr'>ac</span> <span class='ocrx_word' id='word_1_64' title='bbox 1763 1497 1963 1606; x_wconf 87' lang='lat' dir='ltr'>duplicibus</span> <span class='ocrx_word' id='word_1_65' title='bbox 2004 1521 2145 1575; x_wconf 83' lang='lat' dir='ltr'>exarata</span> <span class='ocrx_word' id='word_1_66' title='bbox 2188 1495 2331 1586; x_wconf 88' lang='lat' dir='ltr'>litteris,</span> 
     </span>
     <span class='ocr_line' id='line_1_8' title="bbox 689 1609 2327 1728; baseline -0.007 -32"><span class='ocrx_word' id='word_1_67' title='bbox 689 1623 859 1728; x_wconf 85' lang='lat' dir='ltr'>Fabricy,</span> <span class='ocrx_word' id='word_1_68' title='bbox 888 1621 949 1725; x_wconf 92' lang='lat' dir='ltr'>qui</span> <span class='ocrx_word' id='word_1_69' title='bbox 977 1616 1334 1693; x_wconf 56' lang='lat' dir='ltr'>exscorr&#39;tmemoratis</span> <span class='ocrx_word' id='word_1_70' title='bbox 1362 1638 1481 1691; x_wconf 90' lang='lat' dir='ltr'>aucto·</span> <span class='ocrx_word' id='word_1_71' title='bbox 1538 1609 1723 1718; x_wconf 84' lang='lat' dir='ltr'>ligneoque</span> <span class='ocrx_word' id='word_1_72' title='bbox 1751 1613 1981 1719; x_wconf 88' lang='lat' dir='ltr'>circumsepta</span> <span class='ocrx_word' id='word_1_73' title='bbox 1999 1609 2162 1688; x_wconf 85' lang='lat' dir='ltr'>foliorum</span> <span class='ocrx_word' id='word_1_74' title='bbox 2185 1635 2327 1688; x_wconf 88' lang='lat' dir='ltr'>ornatu.</span> 
     </span>
     <span class='ocr_line' id='line_1_9' title="bbox 691 1724 2331 1834; baseline -0.007 -25"><span class='ocrx_word' id='word_1_75' title='bbox 691 1735 788 1810; x_wconf 88' lang='lat' dir='ltr'>ribus</span> <span class='ocrx_word' id='word_1_76' title='bbox 827 1732 984 1808; x_wconf 89' lang='lat' dir='ltr'>omnium</span> <span class='ocrx_word' id='word_1_77' title='bbox 1031 1731 1163 1834; x_wconf 89' lang='lat' dir='ltr'>primus</span> <span class='ocrx_word' id='word_1_78' title='bbox 1209 1727 1479 1805; x_wconf 85' lang='lat' dir='ltr'>Pentateuchnm</span> <span class='ocrx_word' id='word_1_79' title='bbox 1538 1727 1673 1800; x_wconf 81' lang='lat' dir='ltr'>Textus</span> <span class='ocrx_word' id='word_1_80' title='bbox 1701 1725 1995 1830; x_wconf 37' lang='lat' dir='ltr'>Gemarae„qui</span> <span class='ocrx_word' id='word_1_81' title='bbox 2025 1724 2178 1802; x_wconf 88' lang='lat' dir='ltr'>medium</span> <span class='ocrx_word' id='word_1_82' title='bbox 2207 1751 2244 1802; x_wconf 89' lang='lat' dir='ltr'>et</span> <span class='ocrx_word' id='word_1_83' title='bbox 2273 1725 2331 1798; x_wconf 85' lang='lat' dir='ltr'>iu-</span> 
     </span>
     <span class='ocr_line' id='line_1_10' title="bbox 692 1837 2332 1947; baseline -0.005 -26"><span class='ocrx_word' id='word_1_84' title='bbox 692 1871 848 1924; x_wconf 91' lang='lat' dir='ltr'>nostrum</span> <span class='ocrx_word' id='word_1_85' title='bbox 872 1871 916 1920; x_wconf 86' lang='lat' dir='ltr'>ex</span> <span class='ocrx_word' id='word_1_86' title='bbox 935 1841 1122 1947; x_wconf 84' lang='lat' dir='ltr'>exemplari</span> <span class='ocrx_word' id='word_1_87' title='bbox 1142 1839 1399 1916; x_wconf 86' lang='lat' dir='ltr'>eminentissimi</span> <span class='ocrx_word' id='word_1_88' title='bbox 1421 1845 1484 1916; x_wconf 89' lang='lat' dir='ltr'>Ze·</span> <span class='ocrx_word' id='word_1_89' title='bbox 1540 1837 1698 1912; x_wconf 88' lang='lat' dir='ltr'>tetiotem</span> <span class='ocrx_word' id='word_1_90' title='bbox 1747 1863 1896 1946; x_wconf 88' lang='lat' dir='ltr'>occupat</span> <span class='ocrx_word' id='word_1_91' title='bbox 1950 1838 2094 1927; x_wconf 87' lang='lat' dir='ltr'>locum,</span> <span class='ocrx_word' id='word_1_92' title='bbox 2137 1839 2332 1915; x_wconf 79' lang='lat' dir='ltr'>charactere</span> 
     </span>
     <span class='ocr_line' id='line_1_11' title="bbox 691 1949 2332 2064; baseline -0.007 -28"><span class='ocrx_word' id='word_1_93' title='bbox 691 1959 789 2036; x_wconf 90' lang='lat' dir='ltr'>ladac</span> <span class='ocrx_word' id='word_1_94' title='bbox 819 1957 998 2064; x_wconf 82' lang='lat' dir='ltr'>descripsit</span> <span class='ocrx_word' id='word_1_95' title='bbox 1030 1982 1095 2063; x_wconf 94' lang='lat' dir='ltr'>pro</span> <span class='ocrx_word' id='word_1_96' title='bbox 1135 1962 1175 2030; x_wconf 80' lang='lat' dir='ltr'>de</span> <span class='ocrx_word' id='word_1_97' title='bbox 1204 1959 1408 2052; x_wconf 79' lang='lat' dir='ltr'>Strasbourg</span> <span class='ocrx_word' id='word_1_98' title='bbox 1436 1955 1484 2031; x_wconf 90' lang='lat' dir='ltr'>le·</span> <span class='ocrx_word' id='word_1_99' title='bbox 1540 1949 1711 2053; x_wconf 90' lang='lat' dir='ltr'>quadrato</span> <span class='ocrx_word' id='word_1_100' title='bbox 1739 1977 1789 2028; x_wconf 90' lang='lat' dir='ltr'>est</span> <span class='ocrx_word' id='word_1_101' title='bbox 1819 1977 1989 2060; x_wconf 79' lang='lat' dir='ltr'>excusus,</span> <span class='ocrx_word' id='word_1_102' title='bbox 2017 1952 2197 2030; x_wconf 88' lang='lat' dir='ltr'>rahbiuico</span> <span class='ocrx_word' id='word_1_103' title='bbox 2221 1951 2332 2027; x_wconf 86' lang='lat' dir='ltr'>mino-</span> 
     </span>
     <span class='ocr_line' id='line_1_12' title="bbox 691 2062 2330 2182; baseline -0.004 -36"><span class='ocrx_word' id='word_1_104' title='bbox 691 2099 735 2182; x_wconf 86' lang='lat' dir='ltr'>ge</span> <span class='ocrx_word' id='word_1_105' title='bbox 771 2077 994 2170; x_wconf 83' lang='lat' dir='ltr'>Strasbourg,</span> <span class='ocrx_word' id='word_1_106' title='bbox 1030 2073 1074 2143; x_wconf 91' lang='lat' dir='ltr'>ita</span> <span class='ocrx_word' id='word_1_107' title='bbox 1106 2092 1143 2143; x_wconf 91' lang='lat' dir='ltr'>ut</span> <span class='ocrx_word' id='word_1_108' title='bbox 1183 2093 1375 2174; x_wconf 86' lang='lat' dir='ltr'>cognomen</span> <span class='ocrx_word' id='word_1_109' title='bbox 1417 2070 1484 2144; x_wconf 92' lang='lat' dir='ltr'>hoc</span> <span class='ocrx_word' id='word_1_110' title='bbox 1542 2062 1571 2136; x_wconf 94' lang='lat' dir='ltr'>ri</span> <span class='ocrx_word' id='word_1_111' title='bbox 1600 2063 1661 2168; x_wconf 93' lang='lat' dir='ltr'>qui</span> <span class='ocrx_word' id='word_1_112' title='bbox 1706 2063 1790 2142; x_wconf 86' lang='lat' dir='ltr'>hinc</span> <span class='ocrx_word' id='word_1_113' title='bbox 1834 2065 1914 2142; x_wconf 90' lang='lat' dir='ltr'>iude</span> <span class='ocrx_word' id='word_1_114' title='bbox 1958 2064 2210 2142; x_wconf 89' lang='lat' dir='ltr'>distribuuntur</span> <span class='ocrx_word' id='word_1_115' title='bbox 2257 2064 2330 2140; x_wconf 88' lang='lat' dir='ltr'>hini</span> 
     </span>
     <span class='ocr_line' id='line_1_13' title="bbox 690 2177 2331 2288; baseline -0.005 -28"><span class='ocrx_word' id='word_1_116' title='bbox 690 2187 735 2261; x_wconf 89' lang='lat' dir='ltr'>sit</span> <span class='ocrx_word' id='word_1_117' title='bbox 766 2187 916 2262; x_wconf 87' lang='lat' dir='ltr'>familiae</span> <span class='ocrx_word' id='word_1_118' title='bbox 955 2183 1094 2288; x_wconf 85' lang='lat' dir='ltr'>losephi</span> <span class='ocrx_word' id='word_1_119' title='bbox 1123 2181 1257 2257; x_wconf 86' lang='lat' dir='ltr'>Chuilm</span> <span class='ocrx_word' id='word_1_120' title='bbox 1286 2205 1322 2257; x_wconf 89' lang='lat' dir='ltr'>et</span> <span class='ocrx_word' id='word_1_121' title='bbox 1351 2185 1390 2256; x_wconf 84' lang='lat' dir='ltr'>it.</span> <span class='ocrx_word' id='word_1_122' title='bbox 1420 2186 1485 2258; x_wconf 83' lang='lat' dir='ltr'>Aa·</span> <span class='ocrx_word' id='word_1_123' title='bbox 1543 2177 1816 2266; x_wconf 88' lang='lat' dir='ltr'>Commentarii,</span> <span class='ocrx_word' id='word_1_124' title='bbox 1874 2177 1972 2254; x_wconf 85' lang='lat' dir='ltr'>Rascl</span> <span class='ocrx_word' id='word_1_125' title='bbox 2020 2202 2054 2254; x_wconf 88' lang='lat' dir='ltr'>et</span> <span class='ocrx_word' id='word_1_126' title='bbox 2097 2177 2331 2286; x_wconf 87' lang='lat' dir='ltr'>Tosapbbth‚</span> 
     </span>
     <span class='ocr_line' id='line_1_14' title="bbox 690 2288 2328 2402; baseline -0.003 -27"><span class='ocrx_word' id='word_1_127' title='bbox 690 2302 808 2389; x_wconf 88' lang='lat' dir='ltr'>ronis,</span> <span class='ocrx_word' id='word_1_128' title='bbox 852 2324 920 2373; x_wconf 91' lang='lat' dir='ltr'>non</span> <span class='ocrx_word' id='word_1_129' title='bbox 959 2300 1276 2402; x_wconf 82' lang='lat' dir='ltr'>Argentoratensis,</span> <span class='ocrx_word' id='word_1_130' title='bbox 1313 2293 1485 2399; x_wconf 89' lang='lat' dir='ltr'>quemad·</span> <span class='ocrx_word' id='word_1_131' title='bbox 1540 2288 1671 2395; x_wconf 90' lang='lat' dir='ltr'>quique</span> <span class='ocrx_word' id='word_1_132' title='bbox 1701 2291 1739 2368; x_wconf 87' lang='lat' dir='ltr'>iis</span> <span class='ocrx_word' id='word_1_133' title='bbox 1770 2293 1997 2392; x_wconf 89' lang='lat' dir='ltr'>subjiciuntur</span> <span class='ocrx_word' id='word_1_134' title='bbox 2012 2293 2055 2367; x_wconf 91' lang='lat' dir='ltr'>ad</span> <span class='ocrx_word' id='word_1_135' title='bbox 2075 2295 2206 2368; x_wconf 90' lang='lat' dir='ltr'>calcem</span> <span class='ocrx_word' id='word_1_136' title='bbox 2225 2294 2328 2370; x_wconf 74' lang='lat' dir='ltr'>Piske</span> 
     </span>
     <span class='ocr_line' id='line_1_15' title="bbox 692 2402 2332 2515; baseline -0.003 -28"><span class='ocrx_word' id='word_1_137' title='bbox 692 2412 838 2487; x_wconf 91' lang='lat' dir='ltr'>modum</span> <span class='ocrx_word' id='word_1_138' title='bbox 868 2436 901 2485; x_wconf 91' lang='lat' dir='ltr'>et</span> <span class='ocrx_word' id='word_1_139' title='bbox 932 2438 995 2486; x_wconf 88' lang='lat' dir='ltr'>uos</span> <span class='ocrx_word' id='word_1_140' title='bbox 1023 2409 1108 2484; x_wconf 92' lang='lat' dir='ltr'>olim</span> <span class='ocrx_word' id='word_1_141' title='bbox 1137 2408 1327 2495; x_wconf 86' lang='lat' dir='ltr'>vertimus,</span> <span class='ocrx_word' id='word_1_142' title='bbox 1356 2433 1389 2482; x_wconf 91' lang='lat' dir='ltr'>et</span> <span class='ocrx_word' id='word_1_143' title='bbox 1420 2433 1483 2515; x_wconf 89' lang='lat' dir='ltr'>pro</span> <span class='ocrx_word' id='word_1_144' title='bbox 1540 2402 1729 2509; x_wconf 85' lang='lat' dir='ltr'>tosaphdt,</span> <span class='ocrx_word' id='word_1_145' title='bbox 1767 2405 1988 2491; x_wconf 83' lang='lat' dir='ltr'>Mordacha&#39;ti,</span> <span class='ocrx_word' id='word_1_146' title='bbox 2030 2431 2070 2482; x_wconf 89' lang='lat' dir='ltr'>ac</span> <span class='ocrx_word' id='word_1_147' title='bbox 2112 2404 2332 2482; x_wconf 81' lang='lat' dir='ltr'>Mairnonidis</span> 
     </span>
     <span class='ocr_line' id='line_1_16' title="bbox 693 2517 2332 2628; baseline -0.005 -27"><span class='ocrx_word' id='word_1_148' title='bbox 693 2525 841 2601; x_wconf 87' lang='lat' dir='ltr'>Mistella</span> <span class='ocrx_word' id='word_1_149' title='bbox 871 2532 1024 2608; x_wconf 88' lang='lat' dir='ltr'>Jenaram</span> <span class='ocrx_word' id='word_1_150' title='bbox 1065 2522 1198 2628; x_wconf 83' lang='lat' dir='ltr'>corrige</span> <span class='ocrx_word' id='word_1_151' title='bbox 1233 2521 1371 2596; x_wconf 89' lang='lat' dir='ltr'>Meistra</span> <span class='ocrx_word' id='word_1_152' title='bbox 1416 2524 1486 2596; x_wconf 82' lang='lat' dir='ltr'>Ab·</span> <span class='ocrx_word' id='word_1_153' title='bbox 1542 2517 1839 2595; x_wconf 88' lang='lat' dir='ltr'>Commentarius.</span> <span class='ocrx_word' id='word_1_154' title='bbox 1858 2525 1991 2597; x_wconf 88' lang='lat' dir='ltr'>Praeter</span> <span class='ocrx_word' id='word_1_155' title='bbox 2009 2517 2237 2596; x_wconf 86' lang='lat' dir='ltr'>characterem</span> <span class='ocrx_word' id='word_1_156' title='bbox 2257 2545 2332 2593; x_wconf 86' lang='lat' dir='ltr'>terr·</span> 
     </span>
     <span class='ocr_line' id='line_1_17' title="bbox 694 2631 2332 2738; baseline -0.004 -24"><span class='ocrx_word' id='word_1_157' title='bbox 694 2665 790 2727; x_wconf 86' lang='lat' dir='ltr'>ram,</span> <span class='ocrx_word' id='word_1_158' title='bbox 821 2663 854 2713; x_wconf 92' lang='lat' dir='ltr'>et</span> <span class='ocrx_word' id='word_1_159' title='bbox 885 2638 1059 2714; x_wconf 88' lang='lat' dir='ltr'>Bononiae</span> <span class='ocrx_word' id='word_1_160' title='bbox 1101 2659 1227 2711; x_wconf 84' lang='lat' dir='ltr'>nomeu</span> <span class='ocrx_word' id='word_1_161' title='bbox 1257 2663 1337 2710; x_wconf 91' lang='lat' dir='ltr'>curn</span> <span class='ocrx_word' id='word_1_162' title='bbox 1368 2632 1486 2738; x_wconf 86' lang='lat' dir='ltr'>dupli·</span> <span class='ocrx_word' id='word_1_163' title='bbox 1542 2651 1620 2713; x_wconf 88' lang='lat' dir='ltr'>tus‚</span> <span class='ocrx_word' id='word_1_164' title='bbox 1648 2657 1709 2734; x_wconf 94' lang='lat' dir='ltr'>qur</span> <span class='ocrx_word' id='word_1_165' title='bbox 1738 2656 1788 2708; x_wconf 90' lang='lat' dir='ltr'>est</span> <span class='ocrx_word' id='word_1_166' title='bbox 1832 2631 2013 2710; x_wconf 89' lang='lat' dir='ltr'>mediocris</span> <span class='ocrx_word' id='word_1_167' title='bbox 2054 2631 2215 2722; x_wconf 85' lang='lat' dir='ltr'>formae,</span> <span class='ocrx_word' id='word_1_168' title='bbox 2259 2631 2332 2708; x_wconf 89' lang='lat' dir='ltr'>biui</span> 
     </span>
     <span class='ocr_line' id='line_1_18' title="bbox 692 2741 2330 2859; baseline -0.007 -30"><span class='ocrx_word' id='word_1_169' title='bbox 692 2753 725 2828; x_wconf 89' lang='lat' dir='ltr'>ei</span> <span class='ocrx_word' id='word_1_170' title='bbox 751 2750 813 2859; x_wconf 91' lang='lat' dir='ltr'>jod</span> <span class='ocrx_word' id='word_1_171' title='bbox 842 2743 879 2828; x_wconf 87' lang='lat' dir='ltr'>et</span> <span class='ocrx_word' id='word_1_172' title='bbox 919 2752 1047 2856; x_wconf 88' lang='lat' dir='ltr'>aleph,</span> <span class='ocrx_word' id='word_1_173' title='bbox 1077 2773 1114 2824; x_wconf 92' lang='lat' dir='ltr'>ut</span> <span class='ocrx_word' id='word_1_174' title='bbox 1144 2774 1207 2825; x_wconf 92' lang='lat' dir='ltr'>nos</span> <span class='ocrx_word' id='word_1_175' title='bbox 1234 2749 1488 2856; x_wconf 81' lang='lat' dir='ltr'>expressimus.</span> <span class='ocrx_word' id='word_1_176' title='bbox 1542 2741 1599 2816; x_wconf 89' lang='lat' dir='ltr'>alii</span> <span class='ocrx_word' id='word_1_177' title='bbox 1624 2745 1749 2849; x_wconf 87' lang='lat' dir='ltr'>paritet</span> <span class='ocrx_word' id='word_1_178' title='bbox 1770 2745 1927 2852; x_wconf 91' lang='lat' dir='ltr'>quadrati</span> <span class='ocrx_word' id='word_1_179' title='bbox 1956 2746 2237 2851; x_wconf 87' lang='lat' dir='ltr'>conspiciuntur,</span> <span class='ocrx_word' id='word_1_180' title='bbox 2259 2770 2330 2820; x_wconf 88' lang='lat' dir='ltr'>tna-</span> 
     </span>
     <span class='ocr_line' id='line_1_19' title="bbox 1540 2856 2335 2966; baseline 0.006 -40"><span class='ocrx_word' id='word_1_181' title='bbox 1540 2856 1595 2958; x_wconf 88' lang='lat' dir='ltr'>jor</span> <span class='ocrx_word' id='word_1_182' title='bbox 1625 2881 1827 2966; x_wconf 89' lang='lat' dir='ltr'>uuus,quo</span> <span class='ocrx_word' id='word_1_183' title='bbox 1845 2860 1983 2936; x_wconf 87' lang='lat' dir='ltr'>initialia</span> <span class='ocrx_word' id='word_1_184' title='bbox 2014 2859 2118 2934; x_wconf 89' lang='lat' dir='ltr'>verba</span> <span class='ocrx_word' id='word_1_185' title='bbox 2146 2863 2335 2950; x_wconf 82' lang='lat' dir='ltr'>Gematae,</span> 
     </span>
     <span class='ocr_line' id='line_1_20' title="bbox 872 2967 2334 3077; baseline -0.008 -21"><span class='ocrx_word' id='word_1_186' title='bbox 872 3047 876 3056; x_wconf 93' lang='lat'><em>.</em></span> <span class='ocrx_word' id='word_1_187' title='bbox 907 2977 1293 3054; x_wconf 76' lang='lat' dir='ltr'><em>MCCCCLXXXW</em></span> <span class='ocrx_word' id='word_1_188' title='bbox 1546 2967 1729 3044; x_wconf 84' lang='lat' dir='ltr'>Mordachl</span> <span class='ocrx_word' id='word_1_189' title='bbox 1768 2997 1808 3048; x_wconf 88' lang='lat' dir='ltr'>ac</span> <span class='ocrx_word' id='word_1_190' title='bbox 1836 2976 2013 3063; x_wconf 88' lang='lat' dir='ltr'>Miscuae‚</span> <span class='ocrx_word' id='word_1_191' title='bbox 2048 2998 2087 3048; x_wconf 89' lang='lat' dir='ltr'>ac</span> <span class='ocrx_word' id='word_1_192' title='bbox 2123 2971 2198 3048; x_wconf 84' lang='lat' dir='ltr'>finis</span> <span class='ocrx_word' id='word_1_193' title='bbox 2239 2970 2334 3077; x_wconf 90' lang='lat' dir='ltr'>capi·</span> 
     </span>
     <span class='ocr_line' id='line_1_21' title="bbox 1037 3084 2332 3224; baseline 0.005 -71"><span class='ocrx_word' id='word_1_194' title='bbox 1037 3149 1150 3224; x_wconf 67' lang='lat' dir='ltr'>vm</span> <span class='ocrx_word' id='word_1_195' title='bbox 1545 3103 1621 3209; x_wconf 80' lang='lat' dir='ltr'>turn</span> <span class='ocrx_word' id='word_1_196' title='bbox 1641 3086 1913 3212; x_wconf 29' lang='lat' dir='ltr'>&#39;Gentaricorurn</span> <span class='ocrx_word' id='word_1_197' title='bbox 1943 3110 1978 3163; x_wconf 90' lang='lat' dir='ltr'>et</span> <span class='ocrx_word' id='word_1_198' title='bbox 2009 3084 2228 3161; x_wconf 87' lang='lat' dir='ltr'>Maimouidis</span> <span class='ocrx_word' id='word_1_199' title='bbox 2257 3109 2332 3160; x_wconf 82' lang='lat' dir='ltr'>ex·-</span> 
     </span>
     <span class='ocr_line' id='line_1_22' title="bbox 1545 3197 2334 3302; baseline 0.006 -35"><span class='ocrx_word' id='word_1_200' title='bbox 1545 3219 1724 3300; x_wconf 88' lang='lat' dir='ltr'>posrtronrs</span> <span class='ocrx_word' id='word_1_201' title='bbox 1764 3225 1923 3302; x_wconf 87' lang='lat' dir='ltr'>expressa</span> <span class='ocrx_word' id='word_1_202' title='bbox 1953 3225 2054 3282; x_wconf 89' lang='lat' dir='ltr'>suut,</span> <span class='ocrx_word' id='word_1_203' title='bbox 2085 3201 2197 3278; x_wconf 89' lang='lat' dir='ltr'>minor</span> <span class='ocrx_word' id='word_1_204' title='bbox 2227 3197 2334 3286; x_wconf 91' lang='lat' dir='ltr'>alter,</span> 
     </span>
     <span class='ocr_line' id='line_1_23' title="bbox 781 3309 2332 3420; baseline -0.004 -28"><span class='ocrx_word' id='word_1_205' title='bbox 781 3321 963 3394; x_wconf 84' lang='lat' dir='ltr'>Troctorus</span> <span class='ocrx_word' id='word_1_206' title='bbox 992 3319 1192 3390; x_wconf 83' lang='lat' dir='ltr'>talrnudicus</span> <span class='ocrx_word' id='word_1_207' title='bbox 1221 3313 1411 3388; x_wconf 78' lang='lat' dir='ltr'>Boracltotlt</span> <span class='ocrx_word' id='word_1_208' title='bbox 1432 3338 1487 3386; x_wconf 84' lang='lat' dir='ltr'>seu</span> <span class='ocrx_word' id='word_1_209' title='bbox 1544 3332 1616 3414; x_wconf 89' lang='lat' dir='ltr'>quo</span> <span class='ocrx_word' id='word_1_210' title='bbox 1644 3309 1764 3386; x_wconf 81' lang='lat' dir='ltr'>excusi</span> <span class='ocrx_word' id='word_1_211' title='bbox 1792 3338 1871 3389; x_wconf 89' lang='lat' dir='ltr'>sunt</span> <span class='ocrx_word' id='word_1_212' title='bbox 1909 3314 1943 3388; x_wconf 92' lang='lat' dir='ltr'>in</span> <span class='ocrx_word' id='word_1_213' title='bbox 1973 3311 2139 3420; x_wconf 91' lang='lat' dir='ltr'>superiori</span> <span class='ocrx_word' id='word_1_214' title='bbox 2178 3314 2332 3420; x_wconf 85' lang='lat' dir='ltr'>margine</span> 
     </span>
     <span class='ocr_line' id='line_1_24' title="bbox 693 3420 2333 3530; baseline -0.003 -26"><span class='ocrx_word' id='word_1_215' title='bbox 693 3429 735 3504; x_wconf 81' lang='lat' dir='ltr'>de</span> <span class='ocrx_word' id='word_1_216' title='bbox 771 3433 1069 3506; x_wconf 79' lang='lat' dir='ltr'>Benedictiortibus</span> <span class='ocrx_word' id='word_1_217' title='bbox 1119 3453 1192 3502; x_wconf 84' lang='lat' dir='ltr'>cum</span> <span class='ocrx_word' id='word_1_218' title='bbox 1236 3428 1482 3499; x_wconf 77' lang='lat' dir='ltr'>Commentario</span> <span class='ocrx_word' id='word_1_219' title='bbox 1542 3420 1636 3498; x_wconf 86' lang='lat' dir='ltr'>tituli</span> <span class='ocrx_word' id='word_1_220' title='bbox 1678 3424 1862 3530; x_wconf 85' lang='lat' dir='ltr'>capitum,</span> <span class='ocrx_word' id='word_1_221' title='bbox 1897 3449 1931 3503; x_wconf 88' lang='lat' dir='ltr'>et</span> <span class='ocrx_word' id='word_1_222' title='bbox 1977 3426 2082 3502; x_wconf 88' lang='lat' dir='ltr'>verba</span> <span class='ocrx_word' id='word_1_223' title='bbox 2124 3425 2264 3501; x_wconf 89' lang='lat' dir='ltr'>initialia</span> <span class='ocrx_word' id='word_1_224' title='bbox 2293 3449 2333 3500; x_wconf 87' lang='lat' dir='ltr'>ae</span> 
     </span>
     <span class='ocr_line' id='line_1_25' title="bbox 696 3533 2335 3632; baseline -0.005 -13"><span class='ocrx_word' id='word_1_225' title='bbox 696 3548 745 3619; x_wconf 86' lang='lat' dir='ltr'>R·</span> <span class='ocrx_word' id='word_1_226' title='bbox 788 3549 977 3618; x_wconf 78' lang='lat' dir='ltr'>Salomonis</span> <span class='ocrx_word' id='word_1_227' title='bbox 1018 3535 1156 3625; x_wconf 70' lang='lat' dir='ltr'>larabi,</span> <span class='ocrx_word' id='word_1_228' title='bbox 1199 3541 1391 3632; x_wconf 83' lang='lat' dir='ltr'>Tosaplrrltlr</span> <span class='ocrx_word' id='word_1_229' title='bbox 1426 3563 1483 3611; x_wconf 80' lang='lat' dir='ltr'>seu</span> <span class='ocrx_word' id='word_1_230' title='bbox 1542 3533 1621 3608; x_wconf 89' lang='lat' dir='ltr'>finis</span> <span class='ocrx_word' id='word_1_231' title='bbox 1659 3540 1852 3614; x_wconf 88' lang='lat' dir='ltr'>sectionum</span> <span class='ocrx_word' id='word_1_232' title='bbox 1893 3537 2139 3616; x_wconf 88' lang='lat' dir='ltr'>Commentarii</span> <span class='ocrx_word' id='word_1_233' title='bbox 2177 3565 2216 3614; x_wconf 89' lang='lat' dir='ltr'>ac</span> <span class='ocrx_word' id='word_1_234' title='bbox 2256 3543 2335 3615; x_wconf 92' lang='lat' dir='ltr'>To-</span> 
     </span>
     <span class='ocr_line' id='line_1_26' title="bbox 696 3649 2333 3758; baseline -0.004 -26"><span class='ocrx_word' id='word_1_235' title='bbox 696 3661 973 3742; x_wconf 73' lang='lat' dir='ltr'>Additamento,</span> <span class='ocrx_word' id='word_1_236' title='bbox 998 3660 1099 3730; x_wconf 74' lang='lat' dir='ltr'>Pislri</span> <span class='ocrx_word' id='word_1_237' title='bbox 1120 3654 1320 3746; x_wconf 78' lang='lat' dir='ltr'>totaphoth,</span> <span class='ocrx_word' id='word_1_238' title='bbox 1343 3676 1399 3724; x_wconf 82' lang='lat' dir='ltr'>scu</span> <span class='ocrx_word' id='word_1_239' title='bbox 1418 3653 1489 3724; x_wconf 81' lang='lat' dir='ltr'>De·</span> <span class='ocrx_word' id='word_1_240' title='bbox 1544 3649 1688 3752; x_wconf 82' lang='lat' dir='ltr'>saphbt,</span> <span class='ocrx_word' id='word_1_241' title='bbox 1715 3649 1757 3726; x_wconf 93' lang='lat' dir='ltr'>ad</span> <span class='ocrx_word' id='word_1_242' title='bbox 1786 3653 1915 3728; x_wconf 88' lang='lat' dir='ltr'>calcem</span> <span class='ocrx_word' id='word_1_243' title='bbox 1947 3680 2028 3731; x_wconf 84' lang='lat' dir='ltr'>vero</span> <span class='ocrx_word' id='word_1_244' title='bbox 2056 3651 2227 3758; x_wconf 79' lang='lat' dir='ltr'>rythmice</span> <span class='ocrx_word' id='word_1_245' title='bbox 2256 3651 2333 3757; x_wconf 90' lang='lat' dir='ltr'>epi·</span> 
     </span>
     <span class='ocr_line' id='line_1_27' title="bbox 697 3760 2329 3872; baseline -0.001 -32"><span class='ocrx_word' id='word_1_246' title='bbox 697 3775 878 3846; x_wconf 73' lang='lat' dir='ltr'>arsionibus</span> <span class='ocrx_word' id='word_1_247' title='bbox 896 3773 1217 3848; x_wconf 76' lang='lat' dir='ltr'>additamentornm,</span> <span class='ocrx_word' id='word_1_248' title='bbox 1234 3769 1397 3837; x_wconf 84' lang='lat' dir='ltr'>Miscoico</span> <span class='ocrx_word' id='word_1_249' title='bbox 1415 3787 1490 3837; x_wconf 82' lang='lat' dir='ltr'>tex·</span> <span class='ocrx_word' id='word_1_250' title='bbox 1544 3760 1696 3868; x_wconf 79' lang='lat' dir='ltr'>grapho,</span> <span class='ocrx_word' id='word_1_251' title='bbox 1734 3761 1823 3839; x_wconf 87' lang='lat' dir='ltr'>iuter</span> <span class='ocrx_word' id='word_1_252' title='bbox 1852 3765 1949 3842; x_wconf 90' lang='lat' dir='ltr'>binas</span> <span class='ocrx_word' id='word_1_253' title='bbox 1988 3767 2155 3872; x_wconf 86' lang='lat' dir='ltr'>prosaicas</span> <span class='ocrx_word' id='word_1_254' title='bbox 2183 3768 2329 3842; x_wconf 87' lang='lat' dir='ltr'>inserta.</span> 
     </span>
     <span class='ocr_line' id='line_1_28' title="bbox 700 3875 2329 3983; baseline -0.002 -29"><span class='ocrx_word' id='word_1_255' title='bbox 700 3906 737 3954; x_wconf 84' lang='lat' dir='ltr'>tu</span> <span class='ocrx_word' id='word_1_256' title='bbox 752 3933 764 3968; x_wconf 91' lang='lat'>,</span> <span class='ocrx_word' id='word_1_257' title='bbox 788 3907 819 3956; x_wconf 82' lang='lat' dir='ltr'>ct</span> <span class='ocrx_word' id='word_1_258' title='bbox 848 3889 896 3958; x_wconf 83' lang='lat' dir='ltr'>R·</span> <span class='ocrx_word' id='word_1_259' title='bbox 926 3883 1038 3955; x_wconf 84' lang='lat' dir='ltr'>Mosis</span> <span class='ocrx_word' id='word_1_260' title='bbox 1068 3881 1290 3954; x_wconf 81' lang='lat' dir='ltr'>Moimout&#39;dr&#39;s</span> <span class='ocrx_word' id='word_1_261' title='bbox 1313 3881 1485 3954; x_wconf 81' lang='lat' dir='ltr'>Commen-</span> <span class='ocrx_word' id='word_1_262' title='bbox 1538 3875 1709 3972; x_wconf 81' lang='lat' dir='ltr'>Quadrati</span> <span class='ocrx_word' id='word_1_263' title='bbox 1750 3901 1830 3953; x_wconf 88' lang='lat' dir='ltr'>suut</span> <span class='ocrx_word' id='word_1_264' title='bbox 1869 3903 1989 3955; x_wconf 88' lang='lat' dir='ltr'>omnes</span> <span class='ocrx_word' id='word_1_265' title='bbox 2029 3880 2161 3955; x_wconf 82' lang='lat' dir='ltr'>formae</span> <span class='ocrx_word' id='word_1_266' title='bbox 2204 3878 2329 3983; x_wconf 86' lang='lat' dir='ltr'>hispa-</span> 
     </span>
     <span class='ocr_line' id='line_1_29' title="bbox 699 3986 2328 4098; baseline -0.001 -32"><span class='ocrx_word' id='word_1_267' title='bbox 699 4005 789 4068; x_wconf 84' lang='lat' dir='ltr'>tatio</span> <span class='ocrx_word' id='word_1_268' title='bbox 819 4007 853 4069; x_wconf 84' lang='lat' dir='ltr'>in</span> <span class='ocrx_word' id='word_1_269' title='bbox 883 3999 1020 4068; x_wconf 80' lang='lat' dir='ltr'>eundem</span> <span class='ocrx_word' id='word_1_270' title='bbox 1060 4016 1213 4076; x_wconf 78' lang='lat' dir='ltr'>textum,</span> <span class='ocrx_word' id='word_1_271' title='bbox 1244 3999 1278 4063; x_wconf 86' lang='lat' dir='ltr'>in</span> <span class='ocrx_word' id='word_1_272' title='bbox 1304 3993 1368 4086; x_wconf 81' lang='lat' dir='ltr'>sol.</span> <span class='ocrx_word' id='word_1_273' title='bbox 1396 3995 1486 4063; x_wconf 78' lang='lat' dir='ltr'>Son·</span> <span class='ocrx_word' id='word_1_274' title='bbox 1541 3986 1659 4075; x_wconf 87' lang='lat' dir='ltr'>nicae,</span> <span class='ocrx_word' id='word_1_275' title='bbox 1687 4014 1900 4098; x_wconf 85' lang='lat' dir='ltr'>omnesque,</span> <span class='ocrx_word' id='word_1_276' title='bbox 1927 3995 2032 4069; x_wconf 90' lang='lat' dir='ltr'>etiam</span> <span class='ocrx_word' id='word_1_277' title='bbox 2054 3988 2328 4076; x_wconf 88' lang='lat' dir='ltr'>rabhiuici,ho-</span> 
     </span>
     <span class='ocr_line' id='line_1_30' title="bbox 695 4099 2336 4196; baseline -0.001 -16"><span class='ocrx_word' id='word_1_278' title='bbox 695 4115 763 4182; x_wconf 88' lang='lat' dir='ltr'>ciui</span> <span class='ocrx_word' id='word_1_279' title='bbox 790 4135 844 4182; x_wconf 82' lang='lat' dir='ltr'>aa·</span> <span class='ocrx_word' id='word_1_280' title='bbox 875 4125 1042 4188; x_wconf 79' lang='lat' dir='ltr'>cchrV,</span> <span class='ocrx_word' id='word_1_281' title='bbox 1074 4112 1151 4183; x_wconf 85' lang='lat' dir='ltr'>Clu.</span> <span class='ocrx_word' id='word_1_282' title='bbox 1179 4119 1484 4178; x_wconf 75' lang='lat' dir='ltr'>nrcccczxxirrt&#39;.</span> <span class='ocrx_word' id='word_1_283' title='bbox 1540 4099 1667 4177; x_wconf 90' lang='lat' dir='ltr'>dieruis</span> <span class='ocrx_word' id='word_1_284' title='bbox 1707 4101 1805 4179; x_wconf 85' lang='lat' dir='ltr'>valde</span> <span class='ocrx_word' id='word_1_285' title='bbox 1841 4105 1994 4196; x_wconf 90' lang='lat' dir='ltr'>similes,</span> <span class='ocrx_word' id='word_1_286' title='bbox 2042 4102 2128 4182; x_wconf 90' lang='lat' dir='ltr'>nibil</span> <span class='ocrx_word' id='word_1_287' title='bbox 2168 4104 2336 4179; x_wconf 84' lang='lat' dir='ltr'>habentes</span> 
     </span>
     <span class='ocr_line' id='line_1_31' title="bbox 781 4215 2333 4326; baseline -0.004 -30"><span class='ocrx_word' id='word_1_288' title='bbox 781 4219 874 4296; x_wconf 89' lang='lat' dir='ltr'>Nihil</span> <span class='ocrx_word' id='word_1_289' title='bbox 914 4219 1092 4324; x_wconf 87' lang='lat' dir='ltr'>hucusque</span> <span class='ocrx_word' id='word_1_290' title='bbox 1130 4215 1174 4292; x_wconf 87' lang='lat' dir='ltr'>de</span> <span class='ocrx_word' id='word_1_291' title='bbox 1202 4216 1373 4292; x_wconf 86' lang='lat' dir='ltr'>Talmude</span> <span class='ocrx_word' id='word_1_292' title='bbox 1403 4241 1487 4323; x_wconf 92' lang='lat' dir='ltr'>pro-</span> <span class='ocrx_word' id='word_1_293' title='bbox 1541 4215 1695 4322; x_wconf 90' lang='lat' dir='ltr'>antiqui,</span> <span class='ocrx_word' id='word_1_294' title='bbox 1732 4215 1849 4306; x_wconf 88' lang='lat' dir='ltr'>rudis,</span> <span class='ocrx_word' id='word_1_295' title='bbox 1886 4217 2087 4326; x_wconf 83' lang='lat' dir='ltr'>singularis,</span> <span class='ocrx_word' id='word_1_296' title='bbox 2131 4241 2170 4292; x_wconf 91' lang='lat' dir='ltr'>ut</span> <span class='ocrx_word' id='word_1_297' title='bbox 2209 4217 2246 4292; x_wconf 87' lang='lat' dir='ltr'>fit</span> <span class='ocrx_word' id='word_1_298' title='bbox 2297 4215 2333 4290; x_wconf 90' lang='lat' dir='ltr'>iu</span> 
     </span>
     <span class='ocr_line' id='line_1_32' title="bbox 694 4326 2333 4438; baseline -0.002 -30"><span class='ocrx_word' id='word_1_299' title='bbox 694 4329 824 4424; x_wconf 88' lang='lat' dir='ltr'>dierat,</span> <span class='ocrx_word' id='word_1_300' title='bbox 869 4335 1058 4438; x_wconf 84' lang='lat' dir='ltr'>vastissimo</span> <span class='ocrx_word' id='word_1_301' title='bbox 1100 4329 1346 4436; x_wconf 90' lang='lat' dir='ltr'>notissimoque</span> <span class='ocrx_word' id='word_1_302' title='bbox 1380 4353 1484 4436; x_wconf 90' lang='lat' dir='ltr'>opere</span> <span class='ocrx_word' id='word_1_303' title='bbox 1543 4326 1827 4435; x_wconf 87' lang='lat' dir='ltr'>praecedentibus</span> <span class='ocrx_word' id='word_1_304' title='bbox 1862 4331 2094 4420; x_wconf 77' lang='lat' dir='ltr'>editionibus,</span> <span class='ocrx_word' id='word_1_305' title='bbox 2132 4328 2241 4437; x_wconf 86' lang='lat' dir='ltr'>iisque</span> <span class='ocrx_word' id='word_1_306' title='bbox 2271 4328 2333 4434; x_wconf 90' lang='lat' dir='ltr'>qui</span> 
     </span>
     <span class='ocr_line' id='line_1_33' title="bbox 694 4441 2332 4552; baseline -0.001 -31"><span class='ocrx_word' id='word_1_307' title='bbox 694 4445 791 4552; x_wconf 91' lang='lat' dir='ltr'>quod</span> <span class='ocrx_word' id='word_1_308' title='bbox 821 4451 875 4552; x_wconf 90' lang='lat' dir='ltr'>jus</span> <span class='ocrx_word' id='word_1_309' title='bbox 903 4473 1006 4522; x_wconf 90' lang='lat' dir='ltr'>omne</span> <span class='ocrx_word' id='word_1_310' title='bbox 1047 4443 1224 4550; x_wconf 89' lang='lat' dir='ltr'>judaicum</span> <span class='ocrx_word' id='word_1_311' title='bbox 1264 4445 1337 4518; x_wconf 89' lang='lat' dir='ltr'>sive</span> <span class='ocrx_word' id='word_1_312' title='bbox 1366 4441 1486 4532; x_wconf 86' lang='lat' dir='ltr'>civile,</span> <span class='ocrx_word' id='word_1_313' title='bbox 1542 4465 1642 4517; x_wconf 89' lang='lat' dir='ltr'>antea</span> <span class='ocrx_word' id='word_1_314' title='bbox 1671 4468 1953 4550; x_wconf 86' lang='lat' dir='ltr'>comparuerant,</span> <span class='ocrx_word' id='word_1_315' title='bbox 1994 4445 2107 4522; x_wconf 88' lang='lat' dir='ltr'>multo</span> <span class='ocrx_word' id='word_1_316' title='bbox 2145 4444 2332 4552; x_wconf 80' lang='lat' dir='ltr'>elegantio-</span> 
     </span>
     <span class='ocr_line' id='line_1_34' title="bbox 695 4553 2334 4666; baseline -0.002 -32"><span class='ocrx_word' id='word_1_317' title='bbox 695 4560 768 4634; x_wconf 86' lang='lat' dir='ltr'>sive</span> <span class='ocrx_word' id='word_1_318' title='bbox 798 4561 1029 4666; x_wconf 89' lang='lat' dir='ltr'>canonicum,</span> <span class='ocrx_word' id='word_1_319' title='bbox 1072 4585 1111 4633; x_wconf 92' lang='lat' dir='ltr'>ac</span> <span class='ocrx_word' id='word_1_320' title='bbox 1139 4555 1345 4638; x_wconf 90' lang='lat' dir='ltr'>ludaeorum</span> <span class='ocrx_word' id='word_1_321' title='bbox 1383 4553 1486 4631; x_wconf 89' lang='lat' dir='ltr'>tradi·</span> <span class='ocrx_word' id='word_1_322' title='bbox 1543 4579 1615 4630; x_wconf 87' lang='lat' dir='ltr'>tes.</span> <span class='ocrx_word' id='word_1_323' title='bbox 1643 4555 1749 4657; x_wconf 88' lang='lat' dir='ltr'>Quod</span> <span class='ocrx_word' id='word_1_324' title='bbox 1776 4583 1855 4634; x_wconf 91' lang='lat' dir='ltr'>saue</span> <span class='ocrx_word' id='word_1_325' title='bbox 1874 4559 1989 4664; x_wconf 93' lang='lat' dir='ltr'>prodit</span> <span class='ocrx_word' id='word_1_326' title='bbox 2012 4559 2334 4638; x_wconf 85' lang='lat' dir='ltr'>Sontinatumaeu-</span> 
     </span>
     <span class='ocr_line' id='line_1_35' title="bbox 699 4670 2337 4778; baseline -0.002 -31"><span class='ocrx_word' id='word_1_327' title='bbox 699 4671 809 4747; x_wconf 88' lang='lat' dir='ltr'>tiones</span> <span class='ocrx_word' id='word_1_328' title='bbox 824 4695 857 4746; x_wconf 92' lang='lat' dir='ltr'>et</span> <span class='ocrx_word' id='word_1_329' title='bbox 876 4671 1096 4778; x_wconf 87' lang='lat' dir='ltr'>antiquitates</span> <span class='ocrx_word' id='word_1_330' title='bbox 1114 4670 1379 4775; x_wconf 85' lang='lat' dir='ltr'>complectitur·</span> <span class='ocrx_word' id='word_1_331' title='bbox 1400 4674 1487 4746; x_wconf 90' lang='lat' dir='ltr'>Son·</span> <span class='ocrx_word' id='word_1_332' title='bbox 1544 4693 1625 4743; x_wconf 89' lang='lat' dir='ltr'>men</span> <span class='ocrx_word' id='word_1_333' title='bbox 1654 4697 1694 4744; x_wconf 88' lang='lat' dir='ltr'>ac</span> <span class='ocrx_word' id='word_1_334' title='bbox 1732 4673 1886 4747; x_wconf 84' lang='lat' dir='ltr'>martimo</span> <span class='ocrx_word' id='word_1_335' title='bbox 1928 4671 1970 4749; x_wconf 88' lang='lat' dir='ltr'>iis</span> <span class='ocrx_word' id='word_1_336' title='bbox 1998 4697 2048 4750; x_wconf 89' lang='lat' dir='ltr'>est</span> <span class='ocrx_word' id='word_1_337' title='bbox 2078 4671 2224 4747; x_wconf 89' lang='lat' dir='ltr'>honori.</span> <span class='ocrx_word' id='word_1_338' title='bbox 2264 4673 2337 4744; x_wconf 88' lang='lat' dir='ltr'>Nu·</span> 
     </span>
     <span class='ocr_line' id='line_1_36' title="bbox 697 4779 2333 4892; baseline -0.004 -32"><span class='ocrx_word' id='word_1_339' title='bbox 697 4782 828 4860; x_wconf 87' lang='lat' dir='ltr'>cinates</span> <span class='ocrx_word' id='word_1_340' title='bbox 855 4783 1069 4892; x_wconf 82' lang='lat' dir='ltr'>typographi</span> <span class='ocrx_word' id='word_1_341' title='bbox 1098 4783 1159 4888; x_wconf 85' lang='lat' dir='ltr'>qui</span> <span class='ocrx_word' id='word_1_342' title='bbox 1188 4804 1319 4858; x_wconf 86' lang='lat' dir='ltr'>ceteros</span> <span class='ocrx_word' id='word_1_343' title='bbox 1347 4780 1487 4891; x_wconf 84' lang='lat' dir='ltr'>ingenio</span> <span class='ocrx_word' id='word_1_344' title='bbox 1544 4781 1630 4858; x_wconf 91' lang='lat' dir='ltr'>meri</span> <span class='ocrx_word' id='word_1_345' title='bbox 1659 4781 1800 4873; x_wconf 86' lang='lat' dir='ltr'>desunt,</span> <span class='ocrx_word' id='word_1_346' title='bbox 1838 4782 1898 4862; x_wconf 87' lang='lat' dir='ltr'>sed</span> <span class='ocrx_word' id='word_1_347' title='bbox 1938 4786 2061 4863; x_wconf 89' lang='lat' dir='ltr'>adsunt</span> <span class='ocrx_word' id='word_1_348' title='bbox 2090 4811 2192 4890; x_wconf 89' lang='lat' dir='ltr'>supra</span> <span class='ocrx_word' id='word_1_349' title='bbox 2239 4779 2333 4856; x_wconf 86' lang='lat' dir='ltr'>tituli</span> 
     </span>
     <span class='ocr_line' id='line_1_37' title="bbox 698 4885 2337 5007; baseline 0.001 -37"><span class='ocrx_word' id='word_1_350' title='bbox 698 4919 802 5000; x_wconf 89' lang='lat' dir='ltr'>atque</span> <span class='ocrx_word' id='word_1_351' title='bbox 832 4899 912 4972; x_wconf 77' lang='lat' dir='ltr'>attis</span> <span class='ocrx_word' id='word_1_352' title='bbox 952 4896 1153 5002; x_wconf 89' lang='lat' dir='ltr'>praestantia</span> <span class='ocrx_word' id='word_1_353' title='bbox 1183 4897 1361 4984; x_wconf 83' lang='lat' dir='ltr'>vicerant,</span> <span class='ocrx_word' id='word_1_354' title='bbox 1394 4896 1487 4972; x_wconf 84' lang='lat' dir='ltr'>vice·</span> <span class='ocrx_word' id='word_1_355' title='bbox 1544 4921 1723 5003; x_wconf 88' lang='lat' dir='ltr'>caprtum,</span> <span class='ocrx_word' id='word_1_356' title='bbox 1752 4897 1838 4976; x_wconf 91' lang='lat' dir='ltr'>infra</span> <span class='ocrx_word' id='word_1_357' title='bbox 1869 4885 1951 4976; x_wconf 85' lang='lat' dir='ltr'>vero</span> <span class='ocrx_word' id='word_1_358' title='bbox 1979 4895 2337 5007; x_wconf 87' lang='lat' dir='ltr'>signaturaequibus-</span> 
     </span>
     <span class='ocr_line' id='line_1_38' title="bbox 695 5006 2335 5118; baseline 0 -34"><span class='ocrx_word' id='word_1_359' title='bbox 695 5033 779 5084; x_wconf 91' lang='lat' dir='ltr'>runt</span> <span class='ocrx_word' id='word_1_360' title='bbox 808 5032 843 5086; x_wconf 90' lang='lat' dir='ltr'>et</span> <span class='ocrx_word' id='word_1_361' title='bbox 874 5012 1012 5096; x_wconf 88' lang='lat' dir='ltr'>auimo,</span> <span class='ocrx_word' id='word_1_362' title='bbox 1038 5006 1194 5114; x_wconf 82' lang='lat' dir='ltr'>illudque</span> <span class='ocrx_word' id='word_1_363' title='bbox 1233 5009 1334 5087; x_wconf 90' lang='lat' dir='ltr'>edere</span> <span class='ocrx_word' id='word_1_364' title='bbox 1363 5013 1490 5118; x_wconf 82' lang='lat' dir='ltr'>cogita·</span> <span class='ocrx_word' id='word_1_365' title='bbox 1545 5009 1628 5086; x_wconf 89' lang='lat' dir='ltr'>libet</span> <span class='ocrx_word' id='word_1_366' title='bbox 1667 5011 1950 5118; x_wconf 88' lang='lat' dir='ltr'>quaternionibus</span> <span class='ocrx_word' id='word_1_367' title='bbox 2000 5013 2107 5090; x_wconf 91' lang='lat' dir='ltr'>modo</span> <span class='ocrx_word' id='word_1_368' title='bbox 2147 5010 2335 5112; x_wconf 84' lang='lat' dir='ltr'>majoribus</span> 
     </span>
     <span class='ocr_line' id='line_1_39' title="bbox 695 5121 2381 5232; baseline 0.004 -34"><span class='ocrx_word' id='word_1_369' title='bbox 695 5146 777 5198; x_wconf 87' lang='lat' dir='ltr'>tunt</span> <span class='ocrx_word' id='word_1_370' title='bbox 818 5121 1050 5199; x_wconf 86' lang='lat' dir='ltr'>selectissimis</span> <span class='ocrx_word' id='word_1_371' title='bbox 1089 5124 1341 5202; x_wconf 90' lang='lat' dir='ltr'>commentariis</span> <span class='ocrx_word' id='word_1_372' title='bbox 1385 5148 1490 5230; x_wconf 89' lang='lat' dir='ltr'>atque</span> <span class='ocrx_word' id='word_1_373' title='bbox 1544 5148 1685 5211; x_wconf 86' lang='lat' dir='ltr'>textus,</span> <span class='ocrx_word' id='word_1_374' title='bbox 1717 5126 1824 5204; x_wconf 91' lang='lat' dir='ltr'>modo</span> <span class='ocrx_word' id='word_1_375' title='bbox 1853 5124 2044 5202; x_wconf 88' lang='lat' dir='ltr'>minoribus</span> <span class='ocrx_word' id='word_1_376' title='bbox 2071 5123 2247 5232; x_wconf 90' lang='lat' dir='ltr'>quadratis</span> <span class='ocrx_word' id='word_1_377' title='bbox 2278 5145 2334 5228; x_wconf 88' lang='lat' dir='ltr'>ty·</span> <span class='ocrx_word' id='word_1_378' title='bbox 2377 5198 2381 5206; x_wconf 89' lang='lat'>.</span> 
     </span>
     <span class='ocr_line' id='line_1_40' title="bbox 697 5231 2337 5346; baseline 0.001 -34"><span class='ocrx_word' id='word_1_379' title='bbox 697 5232 1052 5312; x_wconf 77' lang='lat' dir='ltr'>animadversionibus</span> <span class='ocrx_word' id='word_1_380' title='bbox 1075 5234 1299 5314; x_wconf 86' lang='lat' dir='ltr'>illustratum.</span> <span class='ocrx_word' id='word_1_381' title='bbox 1320 5238 1489 5314; x_wconf 88' lang='lat' dir='ltr'>Luculeu-</span> <span class='ocrx_word' id='word_1_382' title='bbox 1546 5239 1599 5346; x_wconf 91' lang='lat' dir='ltr'>pis</span> <span class='ocrx_word' id='word_1_383' title='bbox 1628 5239 1817 5332; x_wconf 89' lang='lat' dir='ltr'>indicatae,</span> <span class='ocrx_word' id='word_1_384' title='bbox 1854 5231 1999 5344; x_wconf 86' lang='lat' dir='ltr'>quarum</span> <span class='ocrx_word' id='word_1_385' title='bbox 2038 5241 2148 5346; x_wconf 88' lang='lat' dir='ltr'>prima</span> <span class='ocrx_word' id='word_1_386' title='bbox 2177 5263 2226 5312; x_wconf 90' lang='lat' dir='ltr'>est</span> <span class='ocrx_word' id='word_1_387' title='bbox 2269 5257 2337 5321; x_wconf 66' lang='lat' dir='ltr'>att,</span> 
     </span>
     <span class='ocr_line' id='line_1_41' title="bbox 695 5339 2335 5460; baseline -0.001 -35"><span class='ocrx_word' id='word_1_388' title='bbox 695 5347 869 5426; x_wconf 86' lang='lat' dir='ltr'>tissimum</span> <span class='ocrx_word' id='word_1_389' title='bbox 901 5351 1017 5457; x_wconf 92' lang='lat' dir='ltr'>itaque</span> <span class='ocrx_word' id='word_1_390' title='bbox 1056 5375 1231 5455; x_wconf 88' lang='lat' dir='ltr'>susceptae</span> <span class='ocrx_word' id='word_1_391' title='bbox 1272 5350 1489 5460; x_wconf 79' lang='lat' dir='ltr'>gravissimae</span> <span class='ocrx_word' id='word_1_392' title='bbox 1545 5377 1633 5458; x_wconf 91' lang='lat' dir='ltr'>quae</span> <span class='ocrx_word' id='word_1_393' title='bbox 1660 5355 1810 5432; x_wconf 91' lang='lat' dir='ltr'>ostendit</span> <span class='ocrx_word' id='word_1_394' title='bbox 1840 5339 1972 5438; x_wconf 71' lang='lat' dir='ltr'>,solium</span> <span class='ocrx_word' id='word_1_395' title='bbox 2000 5353 2147 5438; x_wconf 89' lang='lat' dir='ltr'>album,</span> <span class='ocrx_word' id='word_1_396' title='bbox 2171 5348 2267 5457; x_wconf 90' lang='lat' dir='ltr'>quod</span> <span class='ocrx_word' id='word_1_397' title='bbox 2298 5348 2335 5424; x_wconf 92' lang='lat' dir='ltr'>in</span> 
     </span>
     <span class='ocr_line' id='line_1_42' title="bbox 694 5463 2337 5574; baseline -0.001 -36"><span class='ocrx_word' id='word_1_398' title='bbox 694 5465 899 5568; x_wconf 88' lang='lat' dir='ltr'>provinciae</span> <span class='ocrx_word' id='word_1_399' title='bbox 940 5464 1116 5571; x_wconf 90' lang='lat' dir='ltr'>specimen</span> <span class='ocrx_word' id='word_1_400' title='bbox 1147 5463 1314 5542; x_wconf 89' lang='lat' dir='ltr'>dederuut</span> <span class='ocrx_word' id='word_1_401' title='bbox 1352 5467 1387 5542; x_wconf 92' lang='lat' dir='ltr'>in</span> <span class='ocrx_word' id='word_1_402' title='bbox 1418 5466 1491 5572; x_wconf 87' lang='lat' dir='ltr'>pri·</span> <span class='ocrx_word' id='word_1_403' title='bbox 1546 5466 1713 5543; x_wconf 89' lang='lat' dir='ltr'>Vaticano</span> <span class='ocrx_word' id='word_1_404' title='bbox 1741 5468 1930 5574; x_wconf 83' lang='lat' dir='ltr'>exemplari</span> <span class='ocrx_word' id='word_1_405' title='bbox 1962 5463 2155 5574; x_wconf 85' lang='lat' dir='ltr'>praecedit,</span> <span class='ocrx_word' id='word_1_406' title='bbox 2189 5468 2223 5540; x_wconf 91' lang='lat' dir='ltr'>iu</span> <span class='ocrx_word' id='word_1_407' title='bbox 2257 5487 2337 5537; x_wconf 90' lang='lat' dir='ltr'>meo</span> 
     </span>
     <span class='ocr_line' id='line_1_43' title="bbox 695 5577 2336 5692; baseline -0.001 -40"><span class='ocrx_word' id='word_1_408' title='bbox 695 5601 756 5652; x_wconf 88' lang='lat' dir='ltr'>mo</span> <span class='ocrx_word' id='word_1_409' title='bbox 784 5579 860 5684; x_wconf 87' lang='lat' dir='ltr'>ipso</span> <span class='ocrx_word' id='word_1_410' title='bbox 899 5601 1045 5656; x_wconf 89' lang='lat' dir='ltr'>tractatu</span> <span class='ocrx_word' id='word_1_411' title='bbox 1082 5577 1185 5692; x_wconf 92' lang='lat' dir='ltr'>primi</span> <span class='ocrx_word' id='word_1_412' title='bbox 1214 5578 1343 5660; x_wconf 88' lang='lat' dir='ltr'>ordinis</span> <span class='ocrx_word' id='word_1_413' title='bbox 1380 5606 1491 5658; x_wconf 84' lang='lat' dir='ltr'>excu-</span> <span class='ocrx_word' id='word_1_414' title='bbox 1545 5579 1777 5676; x_wconf 86' lang='lat' dir='ltr'>desideratur,</span> <span class='ocrx_word' id='word_1_415' title='bbox 1816 5582 1879 5659; x_wconf 87' lang='lat' dir='ltr'>etsi</span> <span class='ocrx_word' id='word_1_416' title='bbox 1911 5581 1955 5657; x_wconf 93' lang='lat' dir='ltr'>ad</span> <span class='ocrx_word' id='word_1_417' title='bbox 1997 5581 2111 5690; x_wconf 87' lang='lat' dir='ltr'>operis</span> <span class='ocrx_word' id='word_1_418' title='bbox 2152 5601 2336 5684; x_wconf 82' lang='lat' dir='ltr'>textusque</span> 
     </span>
    </p>
   </div>
   <div class='ocr_carea' id='block_1_3' title="bbox 0 0 2628 7090">
    <p class='ocr_par' dir='ltr' id='par_1_3' title="bbox 0 0 2628 7090">
     <span class='ocr_line' id='line_1_44' title="bbox 0 0 2628 7090; baseline 0 0"><span class='ocrx_word' id='word_1_419' title='bbox 0 0 2628 7090; x_wconf 95' lang='lat' dir='ltr'> </span> 
     </span>
    </p>
   </div>
  </div>
 </body>
</html>
