5146 7094
685 688 697 738 r
710 685 760 762 50
795 687 801 712 ⁴
990 651 1237 734 ANNALES
1270 661 1539 732 ΗΕΒ-ΠΡ
1572 657 1710 732 PARS
1739 658 2011 733 SECUNDA.

592 841 605 848 ”
678 839 842 948 aspiratae
887 833 981 911 trulla
1024 833 1148 910 lineola
1190 832 1469 944 distinguuntur,
1529 833 1622 910 nicae
1652 831 1839 939 prodiisse.
1880 833 1982 940 Typi
2007 829 2121 908 detriti
2162 855 2195 909 et
2225 834 2317 914 exesi

678 956 746 1030 Dei
791 950 931 1027 nomina
973 971 1138 1023 consueto
1182 974 1279 1025 more
1316 972 1472 1035 exarata,
1530 948 1629 1022 utin
1660 945 1887 1055 Agiographis
1916 945 2070 1021 Thessal
2100 972 2154 1020 an.
2193 973 2317 1048 1515,

677 1067 757 1144 Kcri
788 1089 826 1140 ut
855 1064 890 1138 in
918 1060 1068 1165 antiquis
1096 1059 1303 1138 editionibus
1332 1060 1467 1138 iudica·
1523 1057 1627 1155 iidem
1680 1058 1888 1164 utrobique,
1933 1058 2063 1150 iidem,
2112 1058 2172 1134 sed
2216 1065 2320 1170 magis

677 1205 754 1272 tur,
782 1205 862 1256 curn
890 1175 1033 1304 quibus
1044 1197 1080 1250 et
1107 1173 1192 1251 sacri
1223 1199 1336 1252 textus
1364 1175 1467 1252 lectio
1524 1174 1744 1280 consumpti,
1774 1171 1808 1247 in
1831 1172 1916 1254 Jobo
1937 1170 2091 1248 Thessal·
2111 1199 2166 1248 an
2195 1201 2318 1276 1517,

675 1317 777 1401 saepe
817 1289 1008 1376 consentit,
1048 1311 1109 1362 ut
1125 1311 1258 1366 constat
1295 1315 1341 1364 ex
1370 1288 1470 1365 variis
1527 1285 1631 1362 lidem
1661 1285 1816 1394 quadrati
1846 1313 1926 1362 curn
1955 1291 2087 1362 Pentat.
2117 1287 2318 1366 Thessalou.

676 1407 780 1510 hujus
809 1402 992 1512 fragmenti
1020 1399 1225 1478 lectionibus
1247 1429 1265 1477 a
1284 1402 1383 1479 nobis
1400 1401 1471 1478 col
1536 1403 1663 1499 1516,
1692 1399 1851 1476 eadem
1842 1427 1875 1472 ιιι
1908 1399 1947 1476 iis
1975 1399 2136 1477 omnibus
2167 1401 2319 1479 ineffabi-

675 1521 791 1598 lectis.
836 1526 938 1594 Aetas
965 1516 1116 1603 incerta,
1148 1514 1208 1592 sed
1239 1517 1374 1593 videtur
1403 1542 1469 1622 po·
1525 1515 1566 1590 lis
1612 1515 1762 1591 nominis
1805 1512 1940 1588 forma.
1986 1513 2103 1620 Rapite
2150 1515 2245 1619 qnod
2285 1517 2319 1593 iu

676 1637 743 1710 tius
771 1630 816 1709 ad
845 1631 981 1706 initium
1020 1655 1088 1705 xvr
1117 1629 1247 1721 seculi,
1287 1655 1391 1734 quarn
1425 1629 1469 1705 ad
1527 1628 1675 1706 editione
1705 1651 1818 1702 nostra
1855 1625 1973 1714 adest,
2016 1623 2048 1702 in
2090 1626 2320 1705 Thessaloni-

675 1750 779 1824 finem
809 1771 863 1820 xv
886 1741 1082 1832 referenda,
1104 1769 1143 1818 ac
1165 1743 1268 1820 CPoli
1291 1741 1471 1826 relThcs·
1526 1743 1685 1819 censibus
1722 1739 1843 1829 deest,
1884 1739 2012 1816 indicat
2049 1767 2125 1816 eam
2167 1767 2238 1820 esse
2278 1743 2318 1819 iis
2389 1760 2391 1764 '

674 1859 841 1942 salonicae
871 1853 1058 1964 prodiisse.
1527 1856 1753 1962 antiquiorem
1784 1855 1972 1962 primisque
1999 1854 2107 1930 seculi
2135 1858 2230 1933 aunis
2259 1883 2321 1932 su*

978 2030 1009 2098 X
1032 2031 1063 2099 X
1084 2031 1168 2103 XV
1527 1995 1699 2074 sceptam.
1735 1972 1774 2042 ln
1807 1967 2036 2076 Agiographis
2064 1992 2178 2044 tamen
2208 1969 2317 2075 prima

1527 2081 1739 2159 Psalmorum
1769 2077 1848 2157 folia
1876 2079 1962 2156 illud
2000 2081 2188 2170 exhibent,
2214 2085 2318 2159 eriam

759 2203 1009 2275 Pentateuclnrs
1038 2200 1112 2270 ciem
1146 2201 1293 2294 Tangam
1321 2223 1354 2273 et
1376 2203 1472 2278 com·

676 2323 836 2390 mentatio
854 2315 968 2389 larclri
989 2321 1022 2385 in
1037 2314 1102 2408 fol.
1121 2321 1313 2408 exactique
1330 2339 1361 2392 ct
1382 2325 1475 2411 igno·

673 2433 798 2503 caedit.
810 2434 1032 2500 exeuntistee.
1048 2435 1367 2520 armseuporiasin.
1381 2447 1469 2504 XVI.

1528 2223 1630 2301 supra
1670 2194 1855 2300 n,‘quod
1897 2197 2129 2297 conjecturam
2171 2221 2317 2272 nostram

1531 2311 1637 2417 magis
1655 2309 1851 2385 confirmat.
1881 2313 1919 2383 ln
1942 2308 2090 2384 lectione
2114 2308 2219 2384 modo
2240 2337 2318 2386 curn

1526 2423 1802 2531 Ulyssiponensi
1828 2447 1867 2497 ac
1896 2421 2189 2498 Thessalonicensi
2226 2449 2316 2498 cou-

685 2621 686 2626 ,
760 2538 856 2614 Idem
901 2536 944 2611 de
973 2537 1080 2614 altero
1122 2537 1191 2612 hoc
1234 2540 1469 2616 Pentateucho
1525 2538 1636 2646 gruis,
1678 2535 1782 2612 modo
1820 2533 1996 2627 dissentit,
2025 2562 2171 2640 suasque
2199 2538 2318 2645 siugu-

671 2652 849 2728 ferendum
876 2651 1068 2754 judicium,
1093 2657 1191 2754 cujus
1220 2651 1376 2728 notitiam
1405 2652 1466 2730 de·
1521 2653 1604 2726 lares
1633 2649 1727 2728 fovet
1756 2648 1957 2724 lectiones
1949 2676 1982 2726 ιιι
2004 2649 2079 2724 aliis
2107 2603 2314 2725 editionibus

670 2766 823 2842 dimus
815 2791 848 2840 ιιι
892 2766 1086 2870 Specimine
1131 2763 1300 2871 pontificii
1335 2765 1464 2843 codicis
1519 2765 1641 2842 liustra
1680 2762 1868 2869 quaesitas.
1911 2768 1952 2840 V.
1981 2767 2073 2838 Gen.
2113 2787 2205 2838 xurrr
2245 2788 2316 2863 13,

645 2907 649 2914 ·
671 2909 705 2986 p.
738 2881 811 2968 80,
851 2879 1045 2955 uberiorem
1076 2904 1157 2955 vero
1197 2877 1460 2984 descriptionem
1519 2883 1621 2953 Deut.
1661 2902 1810 2974 xxvr7
1854 2898 1889 2950 et
1919 2899 2046 2952 xxvrrt
2079 2901 2155 2974 29.
2200 2881 2315 2980 Atque

671 2999 724 3069 De
753 2994 875 3098 ignotis
903 2992 986 3068 sacri
1017 3017 1134 3069 textus
1155 2989 1362 3070 editionibus
1386 3020 1461 3100 pag.
1519 2989 1561 3066 ad
1592 2991 1735 3066 eandem
1767 2989 1952 3067 urbem-et
1978 3013 2092 3064 aeram
2122 2987 2234 3066 refero
2263 2990 2316 3064 bi-

678 3134 745 3202 14·
774 3105 887 3182 Editio
906 3131 957 3210 est
978 3104 1322 3212 splendidissima,et
1341 3132 1465 3184 errem·
1522 3129 1580 3179 nas
1609 3105 1686 3180 alias
1727 3119 1892 3178 vetustas¹
1919 3101 2087 3178 editiones
2127 3130 2214 3208 quae
2245 3103 2316 3208 pri·.

670 3219 743 3325 plac
772 3217 867 3324 quod
897 3219 1133 3324 possidemus,
1163 3219 1463 3296 membranaceum

668 3357 703 3407 et
734 3335 897 3421 unicum,
931 3330 994 3412 sed
1032 3331 1097 3406 sub
1126 3331 1262 3406 initium
1293 3359 1332 3407 ac
1360 3335 1463 3408 finem

669 3471 773 3519 manu
814 3443 1035 3548 suppletum,
1072 3445 1248 3520 character
1276 3447 1359 3520 sacri
1390 3470 1464 3520 tert·

668 3581 723 3632 tus
751 3555 939 3662 quadratus
970 3561 1103 3660 major,
1132 3557 1297 3665 Targumi
1329 3561 1462 3647 minor,

668 3697 747 3746 cum
777 3669 936 3774 punctis,
966 3670 1212 3744 Commentarii
1244 3668 1458 3761 rabbinicus,

669 3809 788 3858 omnes
818 3781 1010 3909 hispanicae
1036 3782 1194 3912 formae,
1224 3782 1305 3859 folia
1336 3784 1463 3870 titulis,

667 3899 838 3986 numeris,
879 3894 1062 4004 signaturis
1111 3896 1289 4005 insignita,
1320 3898 1464 3974 initiales

666 4007 835 4087 librorum
867 4009 1094 4110 majusculae,
1122 4034 1282 4096 ornatae,
1308 4010 1461 4120 ligneae,

665 4122 822 4210 litterae,
864 4121 952 4198 inter
995 4151 1080 4229 quas
1109 4123 1213 4198 etiam
1243 4123 1308 4209 he,
1336 4125 1462 4230 aspira·

665 4238 767 4313 tionis
797 4234 923 4312 lineola
952 4234 1161 4324 distinctae,
1190 4234 1360 4312 ineffabile
1390 4263 1462 4310 no-

665 4375 746 4425 men
772 4375 832 4456 pet
853 4371 945 4436 nrt,
964 4355 1036 4454 ejus
1057 4349 1140 4456 sigla
1160 4375 1220 4456 per
1247 4346 1295 4437 ³⁸³,
1324 4349 1462 4424 Elohirn

665 4489 726 4567 per
754 4487 798 4551 rr,
830 4460 911 4537 Kcrl
942 4489 1000 4568 per
1030 4462 1205 4540 circellum
1235 4489 1458 4569 expressum.

663 4574 738 4649 Fol.
774 4599 826 4670 94
855 4572 1000 4679 explicit
1016 4576 1197 4663 ‘Genesis,
1224 4603 1264 4653 ac
1287 4604 1364 4683 pag
1385 4603 1460 4652 ver·

662 4715 700 4764 sa
730 4685 855 4792 incipit
883 4687 1042 4778 Exodus,
1071 4687 1136 4762 sub
1165 4691 1262 4790 cujus
1284 4689 1385 4764 linem
1399 4716 1462 4763 or·

664 4825 765 4875 natus
797 4799 937 4903 quidam
975 4801 1122 4878 occurrit
1160 4802 1222 4908 qui
1252 4801 1361 4881 varias
1389 4801 1462 4875 ho-

662 4912 823 4999 minurn,
853 4909 992 5001 avium,
1020 4911 1220 4990 animalium
1250 4914 1351 4992 refert
1373 4915 1461 5023 figu-

661 5054 749 5104 ras,
767 5023 947 5124 Quaedam
977 5023 1085 5101 habet
1113 5027 1247 5103 criteria
1276 5055 1356 5104 cum
1384 5027 1462 5102 edi-

1522 3244 1578 3292 ma
1606 3218 1718 3294 fronte
1749 3214 1860 3292 videri
1895 3216 2044 3323 cuipiam
2076 3241 2217 3322 possunt
2246 3241 2317 3292 sec.

1521 3355 1597 3417 xv,
1636 3329 1796 3407 videlicet
1836 3331 1965 3404 Salom.
1994 3329 2122 3406 nlmoli
2153 3330 2315 3406 Mcfascer

1519 3442 1687 3519 chalamin
1729 3467 1788 3518 scu
1828 3449 2055 3549 Interpretem
2101 3445 2315 3520 somniorum
2415 3513 2421 3526 ‚

1521 3581 1554 3632 et
1602 3556 1767 3662 anonymi
1816 3557 2109 3632 Commentarium
2154 3557 2190 3632 in
2232 3555 2315 3632 Psal.

1520 3695 1635 3746 cxrx.
1676 3675 1829 3775 Utraqne
1868 3670 1938 3746 sine
1977 3668 2102 3760 titulo,
2139 3673 2212 3747 sine
2250 3697 2316 3747 nu-

1523 3786 1644 3871 meris,
1693 3783 1802 3889 prima
1853 3783 1956 3858 etiam
1997 3784 2068 3860 sine
2113 3784 2316 3893 signaturis,

1521 3899 1599 4004 typi
1630 3895 1821 4002 hispanici,
1850 3895 1908 3972 sed
1949 3895 2094 3973 obsoleti
2123 3921 2157 3974 et
2189 3898 2319 3987 attriti,

1521 4035 1558 4086 ut
1598 4011 1631 4084 in
1672 4008 1885 4086 editionibus
1931 4010 2316 4100 Thessalonicensibus,

1520 4151 1559 4199 ac
1591 4122 1756 4200 Mefascer
1786 4125 1880 4228 ipse,
1920 4125 1948 4198 si
1978 4125 2103 4200 Wolfio
2141 4124 2314 4200 credimus

1518 4236 1579 4344 qui
1618 4263 1698 4313 eum
1730 4237 1764 4310 in
1793 4234 2068 4342 Oppenlreimeri
2107 4237 2315 4314 bibliotheca

1520 4347 1670 4440 viderat,
1698 4349 1961 4426 Thessalonicae
2003 4350 2119 4426 locum
2148 4349 2312 4437 adnotat,

1516 4489 1619 4568 quern
1640 4487 1673 4538 et
1696 4462 1784 4538 illius
1803 4463 2030 4539 bibliothecae
2053 4463 2237 4570 Catalogns
2255 4461 2314 4536 fol.

1521 4576 1650 4676 381111
1680 4577 1847 4682 assignat
1891 4583 2005 4683 Atque
2035 4577 2092 4653 hic
2121 4576 2314 4683 expliciunt

1520 4602 1687 4764 editiones
1715 4689 1893 4766 hebraicae
1922 4717 2011 4796 quae
2039 4689 2111 4768 sive
2139 4718 2220 4766 curn
2242 4715 2315 4767 cer·

1519 4827 1552 4879 ta
1580 4801 1660 4876 anni
1692 4827 1795 4888 nota,
1830 4808 1901 4880 sive
1930 4805 2059 4910 absque
2095 4828 2135 4878 ea
2162 4830 2231 4880 sec.
2258 4825 2313 4880 xv

1517 4915 1744 5023 prodierunt.
1772 4915 1837 4992 Sed
1869 4920 1954 4993 inter
1986 4917 2047 4994 has
2076 4916 2160 5010 aliae
2182 4917 2311 4993 multae

1519 5029 1564 5104 ab
1591 5028 1731 5104 cruditis
1760 5054 1977 5108 recensentur
1997 5055 2089 5136 quae
2111 5027 2213 5107 falsae
2234 5049 2314 5105 sunt

662 5138 819 5216 tionibus
848 5163 904 5216 xv
942 5165 1008 5216 sec·
1047 5141 1269 5232 communia,
1308 5140 1366 5216 sed
1398 5139 1463 5215 alia
1520 5169 1559 5218 ac
1601 5142 1859 5249 supposititiae,
1897 5142 1942 5219 de
1979 5143 2127 5251 quibus,
2157 5139 2315 5248 nequid

660 5252 831 5330 nonnulla
858 5280 948 5358 quae
986 5253 1170 5332 ostendunt
1211 5279 1285 5330 earn
1321 5257 1462 5330 ineunte
1520 5257 1642 5330 nostris
1691 5257 1784 5332 hisce
1832 5256 2021 5334 Annalibus
2064 5257 2175 5347 desit,
2218 5256 2316 5334 brevi

666 5391 802 5455 taurum
830 5391 898 5445 xvr
938 5395 978 5446 ac
1006 5367 1235 5450 verosimilius
1275 5369 1460 5448 Thessalo·

1517 5393 1609 5446 nunc
1639 5367 1811 5478 agendum
1841 5395 2026 5480 putamus.

1171 5580 1861 5725 ww*
