5146 7094
850 733 1072 806 PARS
1132 732 1473 810 TERTIA

320 899 461 978 alteram
501 929 591 1010 quae
632 900 784 1008 sequitur
818 901 904 996 ml,
941 902 1115 1014 neglexit.
1447 969 1687 1043 XXXVII

321 1017 428 1090 Porro
457 1015 664 1112 nonhmodo
692 1041 732 1090 ea
763 1017 897 1124 punctis
926 1017 980 1095 vel
1008 1016 1115 1094 lineo·

320 1121 363 1202 lis
389 1127 542 1232 superius
571 1127 747 1206 instruitur
775 1153 813 1204 ut
842 1131 935 1236 prior
963 1127 1044 1219 illa,
1071 1155 1118 1208 err
1256 1135 1444 1210 Aricerrrrae
1475 1139 1587 1212 Cetrora
1615 1137 1764 1212 hebraice
1792 1138 1972 1213 translatus

319 1264 391 1344 quo
420 1239 619 1350 intelligitur
660 1267 734 1316 eam
772 1242 807 1318 in
836 1267 1004 1320 annorum
1032 1267 1119 1350 sup-
1172 1249 1208 1318 irr
1230 1249 1298 1342 fol.
1328 1252 1474 1342 Neapoli
1501 1275 1554 1322 arr.
1583 1264 1808 1322 mccccxcrr.

320 1353 535 1458 putationem
556 1381 628 1432 esse
651 1355 835 1432 necessario
861 1351 1118 1446 assumendam,
1256 1355 1444 1436 Absolutus
1473 1383 1523 1434 est
1552 1374 1667 1438 mense
1698 1357 1881 1438 novembri
1909 1365 1970 1434 arr·

318 1491 441 1542 verum
470 1491 504 1544 et
533 1495 578 1544 ert
618 1467 773 1570 subjecto
812 1468 931 1546 Selimi
971 1467 1116 1574 imperio
1171 1467 1207 1544 ni
1234 1467 1410 1546 christiani
1446 1497 1575 1571 1491,
1603 1498 1663 1550 seu
1697 1473 1730 1548 in
1754 1473 1847 1549 huuc
1875 1497 1976 1548 men·

316 1582 458 1684 ejusque
486 1605 594 1657 aetate
609 1579 861 1658 evidentissime
878 1605 1010 1658 constat
1038 1581 1116 1657 nul·
1170 1606 1242 1658 sem
1272 1606 1307 1658 er
1347 1606 1476 1660 artuum
1516 1583 1610 1662 cadit
1647 1584 1720 1664 dies
1749 1611 1791 1662 vr
1819 1582 1971 1677 elidet,

318 1689 350 1766 la
379 1693 510 1768 ratione
553 1719 652 1802 posse
691 1693 878 1771 editionem
914 1691 1031 1769 referri
1068 1691 1113 1769 ad
1172 1720 1242 1769 non
1275 1695 1308 1770 in
1337 1721 1466 1772 annum
1503 1723 1628 1796 1492,
1659 1723 1696 1774 ut
1723 1697 1905 1804 hucusque
1926 1698 1972 1774 ab

316 1827 446 1880 annum
484 1831 609 1906 1492.
635 1807 724 1883 Patri
753 1833 901 1914 namque
930 1805 1116 1910 Bajazetlto
1171 1807 1335 1886 omuibus
1364 1809 1527 1886 traditum
1557 1833 1630 1886 est.
1668 1809 1758 1890 Vide
1788 1836 1867 1918 pag·
1899 1811 1972 1892 86.

315 1941 420 2024 quem
450 1921 649 1997 renunciare
677 1921 824 2026 imperio
850 1919 984 2026 sibique
1015 1918 1116 1995 cede·

314 2055 351 2105 re
378 2031 514 2140 coegit,
539 2059 630 2109 anno
670 2053 804 2110 tantum
841 2057 942 2131 1512
972 2057 1107 2108 succes·
1359 2039 1445 2114 MC
1454 2040 1483 2113 C
1492 2042 1521 2115 C
1531 2042 1560 2115 C
1569 2041 1611 2112 X
1617 2043 1646 2116 C
1655 2041 1713 2114 11
1722 2042 1747 2114 1

313 2141 356 2220 sit
386 2143 557 2234 Selinus,
585 2169 630 2222 ex
658 2173 730 2252 quo
768 2147 825 2234 fit,
854 2169 892 2221 ut
918 2145 986 2220 hoc
1014 2169 1105 2222 anno
1423 2207 1693 2284 XXXVIII

314 2255 482 2361 posterior
522 2257 627 2334 statui
656 2258 780 2334 debeat
813 2258 923 2334 editio
951 2281 1039 2362 quae
1068 2283 1111 2333 eo
1674 2309 1676 2314 -

312 2393 477 2474 regnante
506 2370 619 2448 lucem
648 2370 826 2478 adsperir.
855 2377 893 2448 lu
919 2369 1113 2446 lrunceun·
1254 2377 1445 2469 Prophetae
1469 2383 1621 2470 priores,
1650 2401 1711 2450 terr
1737 2377 1840 2450 Iotae
1870 2373 1974 2449 Iudi-

312 2478 392 2555 dem
424 2482 538 2558 Wolfii
568 2509 717 2560 errorem
748 2483 872 2561 cecidit
896 2505 1014 2558 auctor
1043 2485 1109 2556 Ca·
1165 2513 1217 2561 cet
1245 2492 1382 2562 Samuel
1410 2515 1450 2560 ae
1478 2494 1585 2586 Reges
1614 2515 1690 2564 currr
1725 2494 1972 2565 Commentario

313 2591 417 2700 talogi
447 2595 600 2698 ejusdem
643 2592 871 2675 bibliothecae
900 2591 1109 2702 Oppeuhei-
1167 2605 1217 2674 R.
1244 2606 1357 2675 Isarci
1395 2605 1616 2676 Aborieneiit
1657 2610 1692 2674 ira
1718 2603 1783 2696 soi.
1822 2605 1972 2696 Neapoli

312 2709 482 2784 merianae
520 2711 582 2814 qui
610 2707 670 2786 fol.
714 2737 761 2812 37
793 2735 943 2788 nostram
985 2704 1111 2785 editio·
1173 2739 1260 2788 anuo
1290 2731 1428 2799 ccam,
1458 2718 1532 2789 Cirr.
1561 2731 1808 2788 mccccxcm.

312 2843 394 2895 nem
433 2845 469 2896 et
507 2822 578 2930 ipse
619 2824 721 2900 refert
760 2823 807 2902 ad
848 2847 978 2900 annum
1013 2844 1110 2917 252.
1248 2829 1289 2900 R.
1318 2823 1454 2901 Scabrai
1493 2824 1529 2899 in
1560 2825 1665 2902 Scisti
1702 2820 1864 2925 jescenim
1893 2849 1970 2928 pag.

312 2935 366 3007 Ex
395 2959 463 3040 qua
501 2939 725 3014 consensione
753 2938 915 3046 suspicari
951 2934 1031 3009 licet
1061 2932 1112 3006 bi·
1172 2939 1245 3025 86,
1272 2937 1305 3013 le
1333 2939 1483 3045 longius
1513 2961 1597 3014 tom.
1625 2943 1641 3015 l
1670 2962 1746 3043 pag.
1768 2958 1845 3036 75,
1874 2936 1972 3012 Wol-

312 3071 354 3120 no
386 3072 513 3151 puncta
543 3049 596 3126 rel
634 3049 777 3128 lineolas
815 3053 850 3126 in
879 3045 1026 3125 secunda
1055 3041 1112 3118 di·
1167 3050 1232 3124 lius
1261 3074 1345 3126 tom.
1374 3075 1402 3125 rr
1442 3077 1475 3156 p.
1506 3075 1612 3151 397,
1641 3051 1810 3125 Maitraire
1840 3055 1969 3126 tomi

312 3157 427 3236 ctione
466 3163 499 3238 in
536 3163 878 3270 Oppeulreimeriano
921 3156 1109 3264 exemplari
1167 3189 1200 3268 p.
1235 3187 1311 3263 3¹7
1342 3187 1377 3238 et
1406 3187 1432 3237 v
1464 3188 1558 3270 parre
1587 3168 1603 3238 1
1634 3190 1667 3269 Ρ.
1705 3189 1720 3238 r
1731 3187 1805 3261 55,
1844 3161 1972 3238 Orlan·

309 3297 378 3346 non
407 3273 486 3349 satis
513 3301 701 3382 apparere,
730 3277 784 3356 vel
822 3279 1110 3378 etiamexprae·
1164 3274 1242 3351 dius
1272 3299 1366 3380 parte
1396 3281 1412 3352 l
1443 3301 1478 3380 p.
1524 3301 1599 3374 129
1630 3301 1665 3352 er
1698 3300 1726 3350 rr
1757 3301 1833 3383 pag.
1865 3275 1971 3373 296,

313 3383 338 3458 li
367 3382 505 3464 defectu
533 3389 672 3466 deesse.
710 3396 748 3467 ln
778 3417 857 3466 nreo
894 3410 1010 3496 aperte
1046 3381 1110 3458 ad·
1166 3388 1391 3464 Kenuicottus
1435 3393 1507 3464 Tire
1533 3414 1587 3462 terr
1616 3415 1691 3464 aaa.
1731 3395 1904 3464 Aeeourrtt
1934 3413 1969 3492 p.

310 3521 415 3590 sunt,
453 3523 490 3576 ut
526 3497 566 3578 et'
590 3504 624 3577 iu
654 3503 860 3606 Bodleiano,
898 3499 994 3607 quod
1024 3495 1110 3574 refe·
1175 3527 1250 3597 104
1279 3525 1314 3578 et
1343 3501 1516 3578 Mascbius
1545 3499 1709 3579 Bibliotlr.
1738 3526 1821 3576 sacr.
1847 3506 1967 3577 torrul

309 3635 388 3686 rens
416 3635 535 3690 auctor
566 3615 720 3724 Caralogi
750 3615 928 3719 Bodleiani
949 3610 1108 3690 inalium
1166 3641 1202 3721 Ρ.
1239 3617 1333 3716 136.
1373 3615 1546 3690 Confusus
1584 3637 1635 3690 est
1663 3613 1761 3690 locus
1796 3636 1832 3689 et
1859 3637 1968 3688 annus

311 3747 462 3798 errorem
504 3723 619 3830 lapsus
663 3753 714 3805 est
744 3729 845 3834 plane
881 3725 1109 3836 oppositum·
1167 3727 1427 3832 compositionis
1454 3726 1698 3803 Cornmentarii
1743 3723 1967 3802 Abarbanelis

309 3839 402 3912 Nam
427 3861 493 3940 pro
521 3837 665 3916 totidem
695 3840 883 3918 unitatibus
912 3857 1110 3946 acceptori
1165 3865 1246 3914 cum
1276 3839 1354 3915 loco
1383 3865 1418 3916 et
1448 3865 1540 3914 anno
1577 3839 1761 3919 editionis,
1801 3837 1907 3936 Quod
1933 3861 1968 3913 et

310 3947 527 4053 praecedenti
557 3951 652 4056 quod
683 3954 870 4030 millenaria
898 3953 1040 4030 denotat
1069 3974 1109 4024 ac
1166 3975 1259 4028 recte
1288 3953 1437 4056 primum
1466 3954 1498 4029 le
1528 3953 1706 4058 Longius,
1733 3979 1775 4028 ac
1803 3950 1968 4055 deinceps

311 4087 375 4166 pro
393 4061 514 4138 minori
536 4065 779 4172 supputatione
799 4091 835 4142 et
859 4091 933 4143 aera
950 4091 1039 4171 quae
1059 4085 1110 4139 est
1167 4065 1400 4140 Casanatensis
1430 4063 1657 4141 bibliothecae
1678 4064 1829 4170 Catalogi
1849 4087 1967 4140 aucto·

312 4177 419 4276 major
447 4198 482 4250 et
512 4177 660 4286 integra,
680 4179 722 4254 ad
752 4205 880 4255 annum
907 4173 1120 4279 279‚Chr.
1166 4201 1219 4253 res
1248 4200 1332 4254 tom.
1361 4182 1376 4253 1
1407 4203 1440 4284 Ρ.
1471 4181 1549 4273 649
1581 4177 1739 4280 suspicari
1769 4199 1872 4251 suut.
1906 4178 1966 4252 Est

317 4309 419 4385 15¹9
446 4286 636 4372 ,editionem
678 4292 872 4380 transtulit,
902 4315 984 4370 terte
1014 4318 1113 4368 erro·
1168 4291 1259 4367 euim
1291 4289 1484 4366 Abarbanel
1524 4291 1598 4395 ipse
1627 4292 1686 4392 qui
1715 4289 1752 4362 in
1778 4287 1965 4395 epigraphe

310 4423 450 4505 remque
468 4401 690 4482 confirmante
713 4405 839 4481 Wolfio
859 4410 903 4482 T.
923 4411 938 4482 1
963 4433 999 4513 p.
1027 4431 1116 4505 ¹74·
1171 4401 1324 4508 loquitur
1343 4424 1431 4480 nno:
1451 4401 1533 4479 nuni
1558 4423 1646 4478 *ntur
1674 4421 1746 4478 nuru
1773 4397 1878 4477 niun
1906 4421 1966 4477 rrnr

600 4577 682 4646 XX
800 4579 816 4650 Ι
1167 4538 1267 4593 utun
1305 4535 1419 4606 ιιιιιιιιι
1448 4537 1536 4592 tarn
1575 4511 1710 4592 trinium
1751 4534 1871 4593 :utrm
1904 4533 1964 4588 mn

700 4579 782 4655 XV
1166 4625 1211 4706 ‘nt
1236 4625 1297 4706 lui
1326 4626 1456 4706 rhum
1483 4647 1598 4704 mrim
1638 4625 1739 4704 :iu
1768 4647 1862 4703 r-ou
1891 4621 1965 4702 htiu

392 4744 440 4815 R.
469 4745 658 4816 immanuel
689 4748 759 4839 filii
795 4750 988 4821 Salomonis
1018 4750 1106 4820 Me-
1162 4793 1188 4833 ‚‚
1217 4741 1352 4846 Hisque
1381 4741 1523 4848 explicit
1552 4737 1646 4844 quod
1671 4737 1754 4814 milri
1778 4737 1888 4816 visum
1912 4761 1964 4814 cst

307 4855 501 4948 elabberirli
528 4881 584 4928 seu
613 4859 873 4952 compositiones
896 4867 1047 4954 poeticae
1071 4887 1107 4954 4.
1163 4879 1340 4958 exponere
1383 4852 1428 4929 de
1472 4851 1561 4930 libro
1609 4852 1703 4940 hoo,
1747 4851 1964 4957 contigitque

307 4969 452 5041 Brixiae
481 4987 707 5043 Mccccxcar.
1164 4967 1242 5042 finis
1270 4972 1344 5071 ejus
1383 4966 1417 5042 iu
1455 4965 1547 5043 diem
1589 4989 1796 5072 postremam
1837 4963 1964 5039 mensis

385 5079 558 5158 Pertiueut
586 5079 629 5156 ad
658 5107 785 5158 annum
813 5108 909 5182 ¹49¹
938 5082 981 5160 ad
1003 5081 1107 5158 finem
1164 5079 1248 5156 ellul
1289 5080 1370 5154 anni
1403 5087 1572 5177 peregrini
1612 5083 1780 5176 (ccrrrr)
1818 5079 1964 5170 fuistis.

306 5215 529 5300 vergentem,
566 5219 635 5269 non
676 5193 719 5270 ad
758 5221 888 5294 1492,
920 5220 954 5270 ut
986 5221 1107 5302 parum
1164 5195 1253 5268 Laus
1282 5197 1359 5269 Deo
1388 5192 1572 5300 benedicto
1593 5241 1636 5282 „.
1664 5193 1739 5264 Hoc
1758 5183 1882 5263 eodem
1905 5213 1964 5262 an·

306 5328 462 5380 accurate
492 5306 672 5412 hucusque
702 5309 823 5386 relatae
852 5331 931 5386 sunt
961 5309 1004 5382 ab
1031 5333 1106 5382 orn·
1165 5331 1211 5380 no
1255 5329 1355 5408 253,
1392 5303 1521 5381 Christi
1567 5325 1693 5404 1493,
1729 5324 1798 5374 non
1832 5322 1961 5395 5252,

309 5415 411 5492 nibus
449 5419 508 5524 qui
538 5419 583 5496 de
612 5421 652 5496 iis
671 5415 848 5530 egerunt.
888 5419 989 5496 Conf.
1017 5446 1106 5527 quae
1162 5417 1247 5494 Chr.
1281 5443 1411 5516 1492.
1450 5439 1490 5492 ιιι
1518 5413 1622 5490 babet
1653 5415 1764 5514 Majus
1793 5414 1827 5488 iu
1856 5410 1965 5486 Abar-

306 5525 459 5608 diximus
474 5532 539 5610 sub
561 5560 593 5610 n.
624 5557 750 5613 xxxrx
776 5535 879 5643 partis
901 5539 973 5644 lp.
997 5537 1068 5634 85.
1164 5531 1295 5610 banelis
1325 5531 1405 5612 Vita
1433 5555 1512 5638 pag·
1543 5553 1588 5628 9,
1616 5522 1789 5635 appulisse
1810 5547 1847 5604 se
1870 5528 1961 5600 Nea·
