5096 7076
853 651 1077 722 PARS
1134 650 1424 724 PRIMA

322 825 374 897 hc
404 817 448 897 de
480 821 630 898 Kimcltii
669 820 886 928 potissimum
921 825 1115 903 Commen·
1510 885 1622 958 XVI

323 935 409 1010 tario
439 933 681 1042 intelligendus
709 959 789 1011 sane
818 935 954 1012 videtur
983 933 1115 1008 Wulfe·

324 1074 403 1135 rus,
432 1049 547 1153 quiin
571 1046 932 1125 Anirnadsersiouibus
953 1045 996 1135 atl
1023 1047 1118 1124 Tbe-
1258 1054 1363 1124 διάη
1389 1053 1602 1126 taciananim
1624 1079 1681 1126 sert
1704 1055 1799 1130 Ordo
1818 1053 1968 1148 depreca-

319 1159 445 1236 riacam
476 1161 647 1262 judaicam
678 1188 712 1268 p.
745 1188 824 1258 244
854 1185 1004 1238 nostram
1026 1161 1115 1236 banc
1171 1168 1300 1235 tionum
1318 1171 1352 1234 in
1372 1189 1410 1256 4.
1439 1173 1517 1237 rrrr'u.
1546 1170 1682 1240 Soucr'nt'
1710 1193 1766 1240 an.
1787 1182 1968 1256 ccxzvrr,

319 1271 510 1350 editionem
541 1279 721 1364 omniunt,
758 1297 930 1382 quotquot
961 1301 1114 1380 unquam
1171 1279 1297 1350 Christi
1327 1293 1652 1354 Mcccczxxm'tr.

320 1384 435 1472 vidit,
473 1412 572 1464 vocat
602 1388 912 1472 accuratissimam,
943 1413 1019 1462 earn
1049 1412 1113 1461 na·
1256 1385 1460 1462 Cltaractere
1499 1414 1657 1466 exaratus
1705 1415 1757 1468 est
1795 1389 1964 1498 quadrato

319 1523 416 1576 ctum
446 1525 482 1578 se
511 1525 584 1578 esse
611 1526 712 1608 saepe
733 1502 887 1608 gavisus.
916 1498 1009 1576 Istud
1034 1526 1115 1605 por·
1170 1525 1251 1579 cum
1299 1503 1460 1604 punctis,
1503 1500 1664 1608 foliisque
1708 1529 1840 1580 constat
1889 1530 1969 1605 31,

319 1639 358 1688 ro
387 1613 587 1690 Psaltcrium
615 1642 696 1691 cum
717 1613 852 1721 reliquis
874 1612 1027 1722 partibus
1048 1612 1115 1690 hoc
1171 1637 1241 1687 non
1259 1637 1337 1720 pag·
1367 1638 1440 1712 30,
1462 1637 1500 1690 ut
1529 1641 1621 1691 notat
1651 1617 1795 1694 Wollius
1825 1643 1908 1693 tom.
1939 1642 1967 1693 11

320 1725 447 1802 eodeut
471 1729 718 1804 annoertcusis
747 1729 878 1836 integra
899 1729 1116 1802 constituunt
1173 1751 1249 1833 pag.
1285 1749 1412 1820 1451,
1443 1726 1502 1801 ubi
1530 1729 1573 1802 de
1603 1756 1646 1805 eo
1676 1731 1771 1838 agit.
1810 1729 1862 1806 ud
1895 1731 1970 1806 cal·
2073 1747 2081 1760 '

323 1838 547 1948 Neapolitana
576 1840 822 1951 hgiograpba,
841 1841 1017 1946 antiquam
1038 1840 1116 1944 qui·
1171 1864 1269 1914 cem:
1297 1858 1367 1916 tarta
1394 1861 1466 1918 utute
1501 1835 1616 1918 'surm
1651 1865 1715 1920 ato
1744 1841 1853 1922 :abun
1884 1865 1967 1922 rtet

323 1951 404 2028 dem
435 1977 470 2030 et
499 1957 685 2061 pretiosam
723 1980 896 2031 sactorum
925 1952 1118 2030 Bibliotum
1172 1949 1223 2030 π’)
1253 1949 1279 2028 't
1306 1973 1396 2028 :ss
1429 1949 1569 2032 mnino
1597 1977 1699 2032 :tntu
1723 1966 1786 2035 rs*
1812 1976 1896 2032 teratu
1919 1977 1965 2034 *aa

322 2065 537 2160 editionem,
575 2094 644 2143 non
677 2092 788 2142 tamen
818 2069 964 2176 primam
993 2091 1030 2142 et
1057 2093 1117 2141 au·
1171 2085 1295 2142 tststttt
1329 2088 1398 2144 rra
1440 2067 1509 2144 itas
1548 2087 1641 2146 rute
1677 2091 1743 2146 'teu
1782 2121 1804 2161 „
1833 2070 1969 2174 Hicque

321 2181 528 2286 tiqniotem,
569 2206 607 2258 ut
650 2206 773 2288 parum
819 2205 976 2258 accurate
1019 2204 1115 2256 notat
1172 2178 1315 2286 explicit
1343 2177 1968 2288 ordodeprecationum,quoutun·

324 2293 507 2370 Scltulzius
536 2293 571 2367 in
601 2292 831 2401 descriptione
852 2293 1011 2370 editionis
1030 2298 1117 2368 Ger·
1174 2317 1230 2368 tur
1259 2293 1422 2381 Rotnani,
1450 2320 1538 2398 quos
1567 2298 1661 2370 Deus
1673 2295 1972 2386 custodiat,fuit·

323 2409 484 2482 sonianae
515 2433 549 2510 p.
585 2432 654 2480 12.
698 2412 834 2511 lntcgra
863 2433 902 2483 ea
931 2430 1051 2482 extant
1081 2407 1115 2480 in
1172 2431 1242 2510 que
1270 2404 1351 2480 finis
1386 2409 1461 2509 ejus
1487 2405 1570 2482 feria
1608 2432 1649 2483 tv
1677 2409 1734 2485 die
1777 2433 1876 2486 xxttt
1906 2411 1974 2511 jiar

322 2519 448 2623 exigua
494 2517 559 2593 bac
610 2543 686 2594 mea
730 2517 966 2608 bibliotheca,
1003 2520 1119 2624 primis
1175 2516 1328 2624 (april.)
1358 2543 1411 2592 an.
1435 2544 1512 2619 247
1536 2520 1592 2597 ltic
1613 2523 1754 2598 Strncitti
1780 2571 1828 2612 ,,.
1853 2527 1973 2621 Quam

323 2654 409 2708 veto
441 2655 510 2707 xvr
538 2630 681 2708 Psalmis
700 2657 740 2707 ac
757 2631 1024 2738 Paralipomenis
1042 2657 1121 2707 mu·
1174 2631 1399 2739 epigraphem
1427 2631 1541 2708 debeo
1576 2633 1785 2712 humanitati
1815 2633 1858 2712 cl.
1890 2633 1971 2710 ud-

323 2745 384 2821 tila
413 2743 447 2817 in
477 2745 716 2836 casanatensi,
756 2769 916 2850 quaeque
945 2743 989 2819 de
1015 2745 1121 2820 unico
1176 2744 1260 2831 leri,
1291 2743 1351 2848 qui
1380 2768 1456 2818 eam
1485 2746 1519 2820 in
1563 2747 1631 2822 mei
1660 2775 1759 2824 usum
1789 2747 1971 2852 descripsit

323 2857 514 2960 exemplari
543 2856 660 2935 adbuc
687 2859 866 2964 superstite
895 2883 935 2933 ac
964 2855 1120 2938 ludaeo—
1173 2881 1219 2932 ert
1245 2855 1434 2962 exemplati
1458 2856 1689 2938 bibliothecae
1717 2859 1974 2968 Seligmannia··¹

322 2996 399 3046 runt
430 2970 578 3046 flammis
617 2997 737 3077 erepto
780 2971 864 3048 olim
904 2970 1119 3047 tradiderunt
1173 2994 1258 3058 nae,
1283 2970 1370 3047 olim
1396 2973 1700 3078 oppenheimeri.·
1723 2971 1815 3052 Vide
1835 2972 1972 3050 editum

322 3083 472 3161 Pelletus
501 3107 535 3158 et
565 3087 815 3178 Kennicottus,
846 3085 962 3193 paucis
983 3109 1120 3159 accur·
1172 3086 1248 3186 ejus
1274 3083 1428 3190 Catalog.
1464 3082 1530 3160 fot,
1558 3111 1602 3189 31
1639 3086 1682 3164 b.
1716 3094 1767 3164 hc
1799 3111 1973 3193 perraram

322 3198 389 3274 sim
419 3223 438 3272 a
469 3222 525 3272 me
564 3222 637 3274 esse
678 3199 826 3275 refutata
855 3201 888 3273 in
919 3196 1117 3304 Specimine
1173 3195 1262 3272 banc
1291 3196 1500 3287 editionem,
1527 3224 1623 3304 quae
1647 3199 1762 3278 adbuc
1793 3199 1892 3276 nobis
1913 3197 1975 3275 de·

323 3311 493 3387 Pontificii
521 3309 652 3388 codicis
681 3339 716 3418 p,
751 3338 819 3399 to,
847 3337 881 3388 ct
910 3313 998 3388 atleo
1019 3310 1118 3388 fabu·
1173 3333 1246 3402 est,
1275 3333 1469 3386 memorant
1507 3315 1611 3388 etiam
1650 3313 1845 3390 doctissimi
1873 3319 1974 3390 Asse·

321 3423 393 3500 losa
433 3449 531 3512 esse,
575 3448 613 3501 ut
641 3422 736 3534 apud
777 3450 833 3502 me
873 3451 980 3501 unum
1023 3427 1116 3499 varia
1173 3423 1263 3500 urani
1293 3423 1327 3498 in
1357 3422 1464 3500 Catal.
1496 3427 1611 3504 Vatic«
1647 3429 1781 3502 tom-I
1821 3454 1856 3533 p.
1890 3451 1967 3528 305
2002 3414 2008 3428 ⁷

321 3561 443 3615 extent
471 3536 660 3644 exempla,
691 3539 813 3613 monui
848 3540 881 3614 in
913 3537 1116 3646 Appendice
1172 3563 1320 3644 eantque
1344 3535 1504 3614 babuisse
1545 3538 1706 3618 videntur
1745 3566 1828 3646 prae
1855 3542 1973 3616 maui-

324 3649 695 3728 historico-criticam
713 3651 965 3728 Bibliotltecam
985 3675 1115 3730 sacram
1172 3651 1261 3744 bus,
1292 3676 1372 3726 nam
1413 3676 1555 3727 monent
1583 3653 1694 3732 codic.
1724 3655 1839 3730 Vatic.
1866 3678 1972 3756 320,

323 3765 356 3841 le
386 3763 808 3871 Longio-Mascbianam,
835 3791 894 3840 seu
916 3769 968 3840 De
991 3764 1117 3872 ignotis
1172 3789 1234 3841 seu
1275 3763 1495 3840 tacitanunim
1533 3767 1589 3844 vel
1630 3766 1887 3874 deprecationes
1927 3793 1973 3843 eo

326 3876 566 3983 antiquissimis
594 3880 683 3954 sacri
709 3901 829 3954 textus
850 3878 1060 3955 editionibus
1084 3904 1121 3984 p.
1173 3900 1351 3954 contentas
1380 3901 1460 3952 cum
1493 3878 1549 3954 illa
1588 3905 1804 3990 congruere.
1836 3885 1971 3956 Iterum

329 4015 404 4089 27,
447 3988 506 4065 ubi
533 4013 570 4065 et
611 3991 796 4066 observavi
834 4015 984 4066 nostram
1029 3991 1122 4068 hauc·
1174 3990 1303 4066 librum
1346 3987 1440 4066 bunc
1483 3991 1565 4067 Faui
1602 4019 1654 4068 an.
1699 3996 1806 4090 246,
1843 3993 1972 4071 Christi

325 4102 539 4179 Psalmorum
580 4101 768 4179 editionem
799 4127 870 4180 esse
901 4127 1031 4210 partem
1061 4129 1123 4179 ra·
1175 4127 1274 4180 unvt
1303 4098 1484 4178 ediderunt
1513 4105 1735 4194 Soucinates,
1775 4133 1864 4211 quae
1893 4106 1974 4183 edi-

325 4216 475 4293 tiorem.
506 4221 557 4292 Ac
586 4219 816 4293 Kennicottus
842 4215 970 4323 ipsese
998 4241 1123 4292 eorum
1178 4219 1328 4294 aionon
1355 4215 1471 4290 minus
1498 4243 1569 4292 tara
1601 4245 1706 4325 penes
1735 4245 1801 4295 nos·
1826 4245 1947 4295 extat·

325 4329 504 4436 exemplar
535 4328 704 4436 deinceps
729 4355 871 4405 nactum·
890 4352 961 4405 esse
991 4356 1024 4405 ct
1045 4355 1122 4435 pos·
1500 4389 1533 4461 X
1551 4391 1582 4462 V
1603 4393 1617 4462 Ι
1637 4391 1652 4464 Ῑ

322 4441 434 4519 sidere
463 4465 604 4518 testatur
631 4446 667 4518 iu
689 4442 938 4520 Dissertatione
966 4443 1118 4551 generali
1650 4437 1652 4444 ’

325 4559 390 4632 sub
422 4581 569 4631 numero
609 4582 711 4656 259,
736 4584 805 4663 quo
837 4555 871 4631 in
901 4560 975 4660 ejus
1004 4555 1126 4640 Bibliis
1261 4560 1324 4634 R:
1339 4560 1531 4634 Salomonis
1565 4561 1681 4637 sarciri
1723 4563 1974 4636 commeauit

327 4668 519 4746 innuuntur
565 4670 649 4746 haec
693 4671 935 4779 Agiogtapha.
980 4668 1121 4779 Singula
1178 4673 1446 4747 Pentateuchum
1470 4675 1536 4769 fol.
1554 4681 1690 4749 Sontini
1709 4701 1763 4748 an.
1792 4691 1968 4762 ccwtr,

324 4783 409 4859 ltaec
451 4781 659 4887 exemplaria
699 4785 875 4860 chartacea
913 4806 1023 4872 sunt,
1061 4781 1143 4892 sed,
1180 4787 1304 4862 Christi
1330 4803 1660 4862 Mcccctxxxr'rt,

324 4921 447 4972 extant
488 4897 775 4988 membranacea,
819 4923 968 5002 quorum
1012 4923 1121 4974 unum
1232 4902 1398 4975 Summae
1420 4901 1564 4975 raritatis
1581 4899 1814 5006 editio,quae
1833 4895 1970 4980 ludaeis

295 5008 413 5086 binis
462 5034 623 5086 constans
669 5011 905 5086 voluminibus
946 5034 980 5086 et
1022 5013 1124 5088 iute-
1176 5009 1878 5122 acChristianisomnibusbibliograpbis
1906 5012 1973 5086 mi·

323 5149 452 5228 grum,
495 5123 588 5228 quod
635 5123 677 5199 ad
708 5125 956 5202 bibliothecam
982 5129 1120 5200 Gusta-
1176 5125 1282 5228 hique
1311 5124 1376 5232 ipsi
1403 5125 1485 5202 olim
1517 5126 1725 5234 ignotissima
1744 5125 1807 5201 l'uit
1824 5178 1838 5217 ,a
1859 5153 1972 5231 quum

323 5236 357 5308 vi
384 5235 588 5312 Scbroetleri
611 5237 825 5344 pertinebat,
842 5236 1004 5314 describit
1022 5237 1121 5314 Wol·
1177 5237 1267 5314 edita
1296 5263 1346 5314 est
1376 5239 1580 5346 Disquisitio
1609 5238 1652 5314 de
1682 5238 1762 5313 heb.
1792 5263 1972 5346 typogra-

322 5349 386 5425 lius
415 5351 448 5424 in
481 5349 703 5427 bibliotheca
731 5351 832 5428 hebr.
857 5378 944 5429 turn
974 5376 1014 5426 tv
1043 5378 1121 5461 pag,
1178 5351 1278 5457 pltiae
1306 5354 1459 5460 origine.
1499 5359 1545 5428 ht
1576 5377 1662 5426 uero·
1687 5350 1832 5427 feliciter
1860 5350 1972 5424 dein-

332 5487 433 5558 tqt.
557 5525 561 5532 .
1174 5491 1256 5571 ceps
1297 5465 1376 5540 bina
1417 5468 1488 5568 ejus
1538 5462 1734 5540 deteximus
1777 5464 1973 5569 exemplu,
