<?xml version="1.0" encoding="UTF-8"?>
<!DOCTYPE html PUBLIC "-//W3C//DTD XHTML 1.0 Transitional//EN"
    "http://www.w3.org/TR/xhtml1/DTD/xhtml1-transitional.dtd">
<html xmlns="http://www.w3.org/1999/xhtml" xml:lang="en" lang="en">
 <head>
  <title>
</title>
<meta http-equiv="Content-Type" content="text/html;charset=utf-8" />
  <meta name='ocr-system' content='tesseract 3.04.00' />
  <meta name='ocr-capabilities' content='ocr_page ocr_carea ocr_par ocr_line ocrx_word'/>
</head>
<body>
  <div class='ocr_page' id='page_1' title='image "./annaleshebraeot00rossgoog_0018.png"; bbox 0 0 5222 7090; ppageno 0'>
   <div class='ocr_carea' id='block_1_1' title="bbox 617 617 1906 758">
    <p class='ocr_par' dir='ltr' id='par_1_1' title="bbox 617 617 1906 758">
     <span class='ocr_line' id='line_1_1' title="bbox 617 617 1906 758; baseline -0.003 -22"><span class='ocrx_word' id='word_1_1' title='bbox 617 679 719 758; x_wconf 53' lang='lat' dir='ltr'>‚mr</span> <span class='ocrx_word' id='word_1_2' title='bbox 1057 617 1415 738; x_wconf 69' lang='lat' dir='ltr'>nrssaatarro</span> <span class='ocrx_word' id='word_1_3' title='bbox 1466 661 1906 736; x_wconf 73' lang='lat' dir='ltr'>anaarrmrrmnrs</span> 
     </span>
    </p>
   </div>
   <div class='ocr_carea' id='block_1_2' title="bbox 540 825 2303 2364">
    <p class='ocr_par' dir='ltr' id='par_1_2' title="bbox 540 825 2303 2364">
     <span class='ocr_line' id='line_1_2' title="bbox 650 825 2295 935; baseline -0.003 -10"><span class='ocrx_word' id='word_1_4' title='bbox 650 831 772 925; x_wconf 72' lang='lat' dir='ltr'>Arbt</span> <span class='ocrx_word' id='word_1_5' title='bbox 806 825 936 923; x_wconf 82' lang='lat' dir='ltr'>turim</span> <span class='ocrx_word' id='word_1_6' title='bbox 969 865 1042 924; x_wconf 90' lang='lat' dir='ltr'>seu</span> <span class='ocrx_word' id='word_1_7' title='bbox 1075 859 1120 922; x_wconf 89' lang='lat' dir='ltr'>tv</span> <span class='ocrx_word' id='word_1_8' title='bbox 1153 830 1352 924; x_wconf 86' lang='lat' dir='ltr'><strong>ordinum</strong></span> <span class='ocrx_word' id='word_1_9' title='bbox 1386 827 1442 921; x_wconf 89' lang='lat' dir='ltr'>R.</span> <span class='ocrx_word' id='word_1_10' title='bbox 1500 827 1602 920; x_wconf 85' lang='lat' dir='ltr'>libri</span> <span class='ocrx_word' id='word_1_11' title='bbox 1635 830 1736 921; x_wconf 83' lang='lat' dir='ltr'>heb.</span> <span class='ocrx_word' id='word_1_12' title='bbox 1783 862 1864 921; x_wconf 89' lang='lat' dir='ltr'>nec</span> <span class='ocrx_word' id='word_1_13' title='bbox 1897 825 2077 935; x_wconf 88' lang='lat' dir='ltr'>vidisse,</span> <span class='ocrx_word' id='word_1_14' title='bbox 2121 859 2199 922; x_wconf 90' lang='lat' dir='ltr'>nec</span> <span class='ocrx_word' id='word_1_15' title='bbox 2240 828 2295 922; x_wconf 89' lang='lat' dir='ltr'>ab</span> 
     </span>
     <span class='ocr_line' id='line_1_3' title="bbox 649 954 2298 1086; baseline -0.004 -30"><span class='ocrx_word' id='word_1_16' title='bbox 649 957 737 1056; x_wconf 90' lang='lat' dir='ltr'>Jac.</span> <span class='ocrx_word' id='word_1_17' title='bbox 771 960 857 1052; x_wconf 90' lang='lat' dir='ltr'>ben</span> <span class='ocrx_word' id='word_1_18' title='bbox 890 959 1024 1052; x_wconf 74' lang='lat' dir='ltr'>Ascer</span> <span class='ocrx_word' id='word_1_19' title='bbox 1057 992 1168 1086; x_wconf 89' lang='lat' dir='ltr'>quae</span> <span class='ocrx_word' id='word_1_20' title='bbox 1199 963 1283 1082; x_wconf 90' lang='lat' dir='ltr'>jam</span> <span class='ocrx_word' id='word_1_21' title='bbox 1302 959 1356 1050; x_wconf 92' lang='lat' dir='ltr'>ab</span> <span class='ocrx_word' id='word_1_22' title='bbox 1377 991 1444 1048; x_wconf 91' lang='lat' dir='ltr'>an.</span> <span class='ocrx_word' id='word_1_23' title='bbox 1501 955 1594 1050; x_wconf 89' lang='lat' dir='ltr'>aliis</span> <span class='ocrx_word' id='word_1_24' title='bbox 1626 985 1740 1050; x_wconf 89' lang='lat' dir='ltr'>certa</span> <span class='ocrx_word' id='word_1_25' title='bbox 1783 954 1871 1048; x_wconf 86' lang='lat' dir='ltr'>lide</span> <span class='ocrx_word' id='word_1_26' title='bbox 1908 957 2064 1081; x_wconf 60' lang='lat' dir='ltr'>‘legisse</span> <span class='ocrx_word' id='word_1_27' title='bbox 2110 989 2298 1050; x_wconf 85' lang='lat' dir='ltr'>comme-</span> 
     </span>
     <span class='ocr_line' id='line_1_4' title="bbox 656 1083 2301 1211; baseline 0 -33"><span class='ocrx_word' id='word_1_28' title='bbox 656 1085 776 1205; x_wconf 83' lang='lat'>1478</span> <span class='ocrx_word' id='word_1_29' title='bbox 826 1085 1061 1181; x_wconf 81' lang='lat' dir='ltr'>Plebisacci</span> <span class='ocrx_word' id='word_1_30' title='bbox 1099 1083 1209 1180; x_wconf 88' lang='lat' dir='ltr'>facta</span> <span class='ocrx_word' id='word_1_31' title='bbox 1226 1085 1445 1211; x_wconf 84' lang='lat' dir='ltr'>perhibe·</span> <span class='ocrx_word' id='word_1_32' title='bbox 1502 1112 1730 1194; x_wconf 88' lang='lat' dir='ltr'>moratum,</span> <span class='ocrx_word' id='word_1_33' title='bbox 1769 1090 1846 1211; x_wconf 91' lang='lat' dir='ltr'>qui</span> <span class='ocrx_word' id='word_1_34' title='bbox 1888 1083 2054 1176; x_wconf 86' lang='lat' dir='ltr'>viderat</span> <span class='ocrx_word' id='word_1_35' title='bbox 2088 1119 2112 1176; x_wconf 92' lang='lat' dir='ltr'>a</span> <span class='ocrx_word' id='word_1_36' title='bbox 2145 1084 2301 1178; x_wconf 87' lang='lat' dir='ltr'>Batto-</span> 
     </span>
     <span class='ocr_line' id='line_1_5' title="bbox 649 1209 2299 1326; baseline 0 -18"><span class='ocrx_word' id='word_1_37' title='bbox 649 1215 794 1326; x_wconf 89' lang='lat' dir='ltr'>batur,</span> <span class='ocrx_word' id='word_1_38' title='bbox 826 1219 904 1307; x_wconf 89' lang='lat' dir='ltr'>etsi</span> <span class='ocrx_word' id='word_1_39' title='bbox 938 1249 1025 1308; x_wconf 92' lang='lat' dir='ltr'>non</span> <span class='ocrx_word' id='word_1_40' title='bbox 1067 1214 1202 1306; x_wconf 93' lang='lat' dir='ltr'>solum</span> <span class='ocrx_word' id='word_1_41' title='bbox 1235 1249 1326 1306; x_wconf 90' lang='lat' dir='ltr'>eam</span> <span class='ocrx_word' id='word_1_42' title='bbox 1360 1249 1445 1306; x_wconf 89' lang='lat' dir='ltr'>me·</span> <span class='ocrx_word' id='word_1_43' title='bbox 1500 1211 1639 1305; x_wconf 90' lang='lat' dir='ltr'>loccio</span> <span class='ocrx_word' id='word_1_44' title='bbox 1681 1217 1995 1306; x_wconf 89' lang='lat' dir='ltr'>commemorari</span> <span class='ocrx_word' id='word_1_45' title='bbox 2044 1209 2299 1308; x_wconf 88' lang='lat' dir='ltr'>Gersonidis</span> 
     </span>
     <span class='ocr_line' id='line_1_6' title="bbox 650 1338 2297 1469; baseline -0.001 -33"><span class='ocrx_word' id='word_1_46' title='bbox 650 1368 830 1436; x_wconf 89' lang='lat' dir='ltr'>moratet</span> <span class='ocrx_word' id='word_1_47' title='bbox 862 1341 1056 1438; x_wconf 85' lang='lat' dir='ltr'>Wolfius</span> <span class='ocrx_word' id='word_1_48' title='bbox 1089 1340 1268 1466; x_wconf 88' lang='lat' dir='ltr'>fuseque</span> <span class='ocrx_word' id='word_1_49' title='bbox 1295 1343 1446 1434; x_wconf 83' lang='lat' dir='ltr'>descri-</span> <span class='ocrx_word' id='word_1_50' title='bbox 1500 1339 1624 1432; x_wconf 89' lang='lat' dir='ltr'>Com.</span> <span class='ocrx_word' id='word_1_51' title='bbox 1657 1346 1703 1432; x_wconf 91' lang='lat' dir='ltr'>in</span> <span class='ocrx_word' id='word_1_52' title='bbox 1744 1338 1906 1436; x_wconf 88' lang='lat' dir='ltr'>Jobum</span> <span class='ocrx_word' id='word_1_53' title='bbox 1938 1375 2003 1430; x_wconf 92' lang='lat' dir='ltr'>an.</span> <span class='ocrx_word' id='word_1_54' title='bbox 2043 1365 2192 1457; x_wconf 81' lang='lat'>1477,</span> <span class='ocrx_word' id='word_1_55' title='bbox 2224 1349 2297 1469; x_wconf 92' lang='lat' dir='ltr'>qui</span> 
     </span>
     <span class='ocr_line' id='line_1_7' title="bbox 649 1467 2300 1597; baseline -0.002 -33"><span class='ocrx_word' id='word_1_56' title='bbox 649 1473 770 1565; x_wconf 88' lang='lat' dir='ltr'><strong>beret</strong></span> <span class='ocrx_word' id='word_1_57' title='bbox 801 1505 856 1563; x_wconf 82' lang='lat' dir='ltr'>ex</span> <span class='ocrx_word' id='word_1_58' title='bbox 888 1471 1053 1562; x_wconf 91' lang='lat' dir='ltr'>duobus</span> <span class='ocrx_word' id='word_1_59' title='bbox 1085 1471 1306 1562; x_wconf 77' lang='lat' dir='ltr'>ordinibus</span> <span class='ocrx_word' id='word_1_60' title='bbox 1334 1505 1443 1597; x_wconf 92' lang='lat' dir='ltr'>quos</span> <span class='ocrx_word' id='word_1_61' title='bbox 1500 1502 1595 1560; x_wconf 92' lang='lat' dir='ltr'>eum</span> <span class='ocrx_word' id='word_1_62' title='bbox 1629 1473 1675 1560; x_wconf 92' lang='lat' dir='ltr'>in</span> <span class='ocrx_word' id='word_1_63' title='bbox 1703 1467 2050 1594; x_wconf 81' lang='lat' dir='ltr'>Oppenheimeri¹</span> <span class='ocrx_word' id='word_1_64' title='bbox 2072 1469 2300 1568; x_wconf 84' lang='lat' dir='ltr'>bibliothe-</span> 
     </span>
     <span class='ocr_line' id='line_1_8' title="bbox 649 1595 2297 1722; baseline 0.001 -31"><span class='ocrx_word' id='word_1_65' title='bbox 649 1633 744 1692; x_wconf 90' lang='lat' dir='ltr'>sero</span> <span class='ocrx_word' id='word_1_66' title='bbox 788 1595 926 1690; x_wconf 88' lang='lat' dir='ltr'>fuerat</span> <span class='ocrx_word' id='word_1_67' title='bbox 974 1624 1250 1710; x_wconf 90' lang='lat' dir='ltr'>consecutus,</span> <span class='ocrx_word' id='word_1_68' title='bbox 1289 1598 1365 1689; x_wconf 90' lang='lat' dir='ltr'>sed</span> <span class='ocrx_word' id='word_1_69' title='bbox 1399 1624 1442 1690; x_wconf 90' lang='lat' dir='ltr'>et</span> <span class='ocrx_word' id='word_1_70' title='bbox 1499 1629 1546 1688; x_wconf 88' lang='lat' dir='ltr'>ca</span> <span class='ocrx_word' id='word_1_71' title='bbox 1586 1623 1897 1722; x_wconf 81' lang='lat' dir='ltr'>conspexerat,</span> <span class='ocrx_word' id='word_1_72' title='bbox 1943 1597 2021 1720; x_wconf 93' lang='lat' dir='ltr'>qui</span> <span class='ocrx_word' id='word_1_73' title='bbox 2063 1597 2181 1686; x_wconf 88' lang='lat' dir='ltr'>illum</span> <span class='ocrx_word' id='word_1_74' title='bbox 2231 1601 2297 1692; x_wconf 93' lang='lat' dir='ltr'>bis</span> 
     </span>
     <span class='ocr_line' id='line_1_9' title="bbox 649 1721 2299 1852; baseline 0.001 -34"><span class='ocrx_word' id='word_1_75' title='bbox 649 1761 698 1818; x_wconf 92' lang='lat' dir='ltr'>ea</span> <span class='ocrx_word' id='word_1_76' title='bbox 730 1756 942 1852; x_wconf 86' lang='lat' dir='ltr'>tamquam</span> <span class='ocrx_word' id='word_1_77' title='bbox 987 1727 1149 1816; x_wconf 88' lang='lat' dir='ltr'>invicto</span> <span class='ocrx_word' id='word_1_78' title='bbox 1195 1753 1443 1852; x_wconf 88' lang='lat' dir='ltr'>argumento</span> <span class='ocrx_word' id='word_1_79' title='bbox 1499 1725 1768 1820; x_wconf 87' lang='lat' dir='ltr'>disertissime</span> <span class='ocrx_word' id='word_1_80' title='bbox 1806 1724 2073 1849; x_wconf 85' lang='lat' dir='ltr'>protulerat?</span> <span class='ocrx_word' id='word_1_81' title='bbox 2102 1721 2299 1820; x_wconf 93' lang='lat' dir='ltr'>Oblitus·</span> 
     </span>
     <span class='ocr_line' id='line_1_10' title="bbox 561 1851 2303 1981; baseline 0 -33"><span class='ocrx_word' id='word_1_82' title='bbox 561 1899 564 1908; x_wconf 91' lang='lat'>·</span> <span class='ocrx_word' id='word_1_83' title='bbox 648 1873 867 1963; x_wconf 83' lang='lat' dir='ltr'>uteretur,</span> <span class='ocrx_word' id='word_1_84' title='bbox 895 1881 942 1944; x_wconf 89' lang='lat' dir='ltr'>ut</span> <span class='ocrx_word' id='word_1_85' title='bbox 963 1887 1105 1944; x_wconf 88' lang='lat' dir='ltr'>veram</span> <span class='ocrx_word' id='word_1_86' title='bbox 1137 1853 1234 1945; x_wconf 89' lang='lat' dir='ltr'>heb.</span> <span class='ocrx_word' id='word_1_87' title='bbox 1267 1882 1446 1981; x_wconf 88' lang='lat' dir='ltr'>typogr.</span> <span class='ocrx_word' id='word_1_88' title='bbox 1500 1885 1555 1947; x_wconf 90' lang='lat' dir='ltr'>ne</span> <span class='ocrx_word' id='word_1_89' title='bbox 1588 1888 1690 1980; x_wconf 88' lang='lat' dir='ltr'>ergo</span> <span class='ocrx_word' id='word_1_90' title='bbox 1719 1880 1781 1946; x_wconf 92' lang='lat' dir='ltr'>est</span> <span class='ocrx_word' id='word_1_91' title='bbox 1814 1854 1880 1942; x_wconf 90' lang='lat' dir='ltr'>vir</span> <span class='ocrx_word' id='word_1_92' title='bbox 1912 1853 1988 1960; x_wconf 87' lang='lat' dir='ltr'>cl,</span> <span class='ocrx_word' id='word_1_93' title='bbox 2005 1851 2105 1944; x_wconf 89' lang='lat' dir='ltr'>dum</span> <span class='ocrx_word' id='word_1_94' title='bbox 2141 1889 2190 1946; x_wconf 92' lang='lat' dir='ltr'>ea</span> <span class='ocrx_word' id='word_1_95' title='bbox 2204 1861 2303 1948; x_wconf 90' lang='lat' dir='ltr'>scri·</span> 
     </span>
     <span class='ocr_line' id='line_1_11' title="bbox 650 1979 2300 2108; baseline 0.001 -34"><span class='ocrx_word' id='word_1_96' title='bbox 650 1987 856 2107; x_wconf 84' lang='lat' dir='ltr'>originem</span> <span class='ocrx_word' id='word_1_97' title='bbox 890 2015 979 2073; x_wconf 92' lang='lat' dir='ltr'>non</span> <span class='ocrx_word' id='word_1_98' title='bbox 1012 2015 1035 2071; x_wconf 90' lang='lat' dir='ltr'>a</span> <span class='ocrx_word' id='word_1_99' title='bbox 1069 1979 1282 2093; x_wconf 87' lang='lat' dir='ltr'>Soncin0‚</span> <span class='ocrx_word' id='word_1_100' title='bbox 1313 1982 1387 2074; x_wconf 90' lang='lat' dir='ltr'>sed</span> <span class='ocrx_word' id='word_1_101' title='bbox 1420 2019 1444 2074; x_wconf 89' lang='lat' dir='ltr'>a</span> <span class='ocrx_word' id='word_1_102' title='bbox 1500 1981 1643 2096; x_wconf 87' lang='lat' dir='ltr'>beret,</span> <span class='ocrx_word' id='word_1_103' title='bbox 1661 1981 1790 2107; x_wconf 90' lang='lat' dir='ltr'>hujus</span> <span class='ocrx_word' id='word_1_104' title='bbox 1809 1979 2035 2088; x_wconf 82' lang='lat' dir='ltr'>editionis,</span> <span class='ocrx_word' id='word_1_105' title='bbox 2055 1985 2172 2108; x_wconf 88' lang='lat' dir='ltr'>cujus</span> <span class='ocrx_word' id='word_1_106' title='bbox 2192 2017 2300 2076; x_wconf 89' lang='lat' dir='ltr'>nun·</span> 
     </span>
     <span class='ocr_line' id='line_1_12' title="bbox 540 2107 2301 2238; baseline 0.001 -36"><span class='ocrx_word' id='word_1_107' title='bbox 540 2159 567 2216; x_wconf 66' lang='lat' dir='ltr'>g</span> <span class='ocrx_word' id='word_1_108' title='bbox 647 2108 899 2203; x_wconf 88' lang='lat' dir='ltr'>Plebisacco</span> <span class='ocrx_word' id='word_1_109' title='bbox 915 2108 1144 2202; x_wconf 87' lang='lat' dir='ltr'>Patavinae</span> <span class='ocrx_word' id='word_1_110' title='bbox 1160 2110 1335 2202; x_wconf 90' lang='lat' dir='ltr'>ditionis</span> <span class='ocrx_word' id='word_1_111' title='bbox 1348 2113 1443 2204; x_wconf 88' lang='lat' dir='ltr'>vico</span> <span class='ocrx_word' id='word_1_112' title='bbox 1500 2145 1626 2234; x_wconf 89' lang='lat' dir='ltr'>quam</span> <span class='ocrx_word' id='word_1_113' title='bbox 1654 2113 1840 2204; x_wconf 89' lang='lat' dir='ltr'>meminit</span> <span class='ocrx_word' id='word_1_114' title='bbox 1872 2113 1919 2199; x_wconf 92' lang='lat' dir='ltr'>in</span> <span class='ocrx_word' id='word_1_115' title='bbox 1951 2107 2050 2202; x_wconf 84' lang='lat' dir='ltr'>heb·</span> <span class='ocrx_word' id='word_1_116' title='bbox 2085 2138 2180 2238; x_wconf 88' lang='lat' dir='ltr'>typ.</span> <span class='ocrx_word' id='word_1_117' title='bbox 2214 2116 2301 2204; x_wconf 93' lang='lat' dir='ltr'>ori·</span> 
     </span>
     <span class='ocr_line' id='line_1_13' title="bbox 626 2237 2302 2364; baseline 0.002 -36"><span class='ocrx_word' id='word_1_118' title='bbox 626 2238 921 2364; x_wconf 81' lang='lat' dir='ltr'>repetendam</span> <span class='ocrx_word' id='word_1_119' title='bbox 941 2272 1028 2330; x_wconf 89' lang='lat' dir='ltr'>esse</span> <span class='ocrx_word' id='word_1_120' title='bbox 1044 2237 1445 2330; x_wconf 87' lang='lat' dir='ltr'>adversuscominu-</span> <span class='ocrx_word' id='word_1_121' title='bbox 1499 2237 1672 2364; x_wconf 89' lang='lat' dir='ltr'>ginibus</span> <span class='ocrx_word' id='word_1_122' title='bbox 1706 2237 1991 2345; x_wconf 86' lang='lat' dir='ltr'>illustrandis,</span> <span class='ocrx_word' id='word_1_123' title='bbox 2023 2269 2078 2328; x_wconf 89' lang='lat' dir='ltr'>an</span> <span class='ocrx_word' id='word_1_124' title='bbox 2110 2239 2302 2332; x_wconf 88' lang='lat' dir='ltr'>veroha·</span> 
     </span>
    </p>
   </div>
   <div class='ocr_carea' id='block_1_3' title="bbox 646 2363 2441 2498">
    <p class='ocr_par' dir='ltr' id='par_1_3' title="bbox 646 2363 2441 2498">
     <span class='ocr_line' id='line_1_14' title="bbox 646 2363 2441 2498; baseline 0.002 -42"><span class='ocrx_word' id='word_1_125' title='bbox 646 2399 745 2456; x_wconf 89' lang='lat' dir='ltr'>nem</span> <span class='ocrx_word' id='word_1_126' title='bbox 772 2369 1020 2492; x_wconf 89' lang='lat' dir='ltr'>opinionem</span> <span class='ocrx_word' id='word_1_127' title='bbox 1040 2370 1278 2460; x_wconf 85' lang='lat' dir='ltr'>evinceret·</span> <span class='ocrx_word' id='word_1_128' title='bbox 1305 2429 1334 2478; x_wconf 92' lang='lat'>„</span> <span class='ocrx_word' id='word_1_129' title='bbox 1355 2365 1444 2460; x_wconf 90' lang='lat' dir='ltr'>Ne·</span> <span class='ocrx_word' id='word_1_130' title='bbox 1501 2365 1596 2458; x_wconf 92' lang='lat' dir='ltr'>buit</span> <span class='ocrx_word' id='word_1_131' title='bbox 1627 2395 1840 2492; x_wconf 90' lang='lat' dir='ltr'>tamquam</span> <span class='ocrx_word' id='word_1_132' title='bbox 1873 2363 2081 2458; x_wconf 85' lang='lat' dir='ltr'>sublestae</span> <span class='ocrx_word' id='word_1_133' title='bbox 2115 2363 2220 2460; x_wconf 90' lang='lat' dir='ltr'>fidei</span> <span class='ocrx_word' id='word_1_134' title='bbox 2240 2401 2303 2460; x_wconf 87' lang='lat' dir='ltr'>ae·</span> <span class='ocrx_word' id='word_1_135' title='bbox 2436 2493 2441 2498; x_wconf 83' lang='lat'>.</span> 
     </span>
    </p>
   </div>
   <div class='ocr_carea' id='block_1_4' title="bbox 648 2493 2301 2621">
    <p class='ocr_par' dir='ltr' id='par_1_4' title="bbox 648 2493 2301 2621">
     <span class='ocr_line' id='line_1_15' title="bbox 648 2493 2301 2621; baseline 0.001 -37"><span class='ocrx_word' id='word_1_136' title='bbox 648 2529 733 2619; x_wconf 90' lang='lat' dir='ltr'>que</span> <span class='ocrx_word' id='word_1_137' title='bbox 767 2502 900 2603; x_wconf 91' lang='lat' dir='ltr'>enim,</span> <span class='ocrx_word' id='word_1_138' title='bbox 944 2495 1087 2618; x_wconf 91' lang='lat' dir='ltr'>inquit</span> <span class='ocrx_word' id='word_1_139' title='bbox 1117 2523 1220 2586; x_wconf 84' lang='lat' dir='ltr'>tom.</span> <span class='ocrx_word' id='word_1_140' title='bbox 1270 2525 1316 2585; x_wconf 91' lang='grc' dir='ltr'>ιιι</span> <span class='ocrx_word' id='word_1_141' title='bbox 1348 2528 1444 2620; x_wconf 83' lang='lat' dir='ltr'>pag·</span> <span class='ocrx_word' id='word_1_142' title='bbox 1500 2529 1585 2586; x_wconf 89' lang='lat' dir='ltr'>tam</span> <span class='ocrx_word' id='word_1_143' title='bbox 1620 2494 1735 2587; x_wconf 89' lang='lat' dir='ltr'>illam</span> <span class='ocrx_word' id='word_1_144' title='bbox 1769 2528 1894 2621; x_wconf 89' lang='lat' dir='ltr'>quam</span> <span class='ocrx_word' id='word_1_145' title='bbox 1928 2519 2103 2586; x_wconf 86' lang='lat' dir='ltr'>testatur</span> <span class='ocrx_word' id='word_1_146' title='bbox 2137 2497 2182 2585; x_wconf 92' lang='lat' dir='ltr'>in</span> <span class='ocrx_word' id='word_1_147' title='bbox 2205 2493 2301 2620; x_wconf 90' lang='lat' dir='ltr'>Op-</span> 
     </span>
    </p>
   </div>
   <div class='ocr_carea' id='block_1_5' title="bbox 509 2619 2300 2750">
    <p class='ocr_par' dir='ltr' id='par_1_5' title="bbox 509 2619 2300 2750">
     <span class='ocr_line' id='line_1_16' title="bbox 509 2619 2300 2750; baseline 0.001 -41"><span class='ocrx_word' id='word_1_148' title='bbox 509 2701 514 2709; x_wconf 93' lang='lat'><em>.</em></span> <span class='ocrx_word' id='word_1_149' title='bbox 647 2620 772 2738; x_wconf 87' lang='lat'>446,</span> <span class='ocrx_word' id='word_1_150' title='bbox 804 2625 974 2715; x_wconf 88' lang='lat' dir='ltr'>memini</span> <span class='ocrx_word' id='word_1_151' title='bbox 1016 2655 1081 2712; x_wconf 93' lang='lat' dir='ltr'>me</span> <span class='ocrx_word' id='word_1_152' title='bbox 1113 2655 1299 2750; x_wconf 89' lang='lat' dir='ltr'>unquam</span> <span class='ocrx_word' id='word_1_153' title='bbox 1334 2627 1444 2714; x_wconf 53' lang='lat' dir='ltr'>anti*</span> <span class='ocrx_word' id='word_1_154' title='bbox 1500 2625 1762 2747; x_wconf 88' lang='lat' dir='ltr'>penheimerr</span> <span class='ocrx_word' id='word_1_155' title='bbox 1806 2620 2034 2745; x_wconf 80' lang='lat' dir='ltr'>exemplari</span> <span class='ocrx_word' id='word_1_156' title='bbox 2082 2619 2300 2716; x_wconf 82' lang='lat' dir='ltr'>defuisse?</span> 
     </span>
    </p>
   </div>
   <div class='ocr_carea' id='block_1_6' title="bbox 625 2748 2301 5570">
    <p class='ocr_par' dir='ltr' id='par_1_6' title="bbox 625 2748 2301 4972">
     <span class='ocr_line' id='line_1_17' title="bbox 625 2748 2300 2878; baseline 0.001 -36"><span class='ocrx_word' id='word_1_157' title='bbox 625 2755 778 2876; x_wconf 46' lang='lat' dir='ltr'>,quius</span> <span class='ocrx_word' id='word_1_158' title='bbox 811 2750 1053 2875; x_wconf 87' lang='lat' dir='ltr'>exemplum</span> <span class='ocrx_word' id='word_1_159' title='bbox 1074 2751 1174 2843; x_wconf 90' lang='lat' dir='ltr'>libri</span> <span class='ocrx_word' id='word_1_160' title='bbox 1194 2748 1296 2842; x_wconf 90' lang='lat' dir='ltr'>heb.</span> <span class='ocrx_word' id='word_1_161' title='bbox 1325 2749 1445 2846; x_wconf 89' lang='lat' dir='ltr'>aJu·</span> <span class='ocrx_word' id='word_1_162' title='bbox 1499 2749 1586 2842; x_wconf 89' lang='lat' dir='ltr'>Sed</span> <span class='ocrx_word' id='word_1_163' title='bbox 1619 2785 1749 2878; x_wconf 90' lang='lat' dir='ltr'>quate</span> <span class='ocrx_word' id='word_1_164' title='bbox 1789 2749 1898 2840; x_wconf 86' lang='lat' dir='ltr'>hanc</span> <span class='ocrx_word' id='word_1_165' title='bbox 1931 2755 1977 2838; x_wconf 90' lang='lat' dir='ltr'>in</span> <span class='ocrx_word' id='word_1_166' title='bbox 2011 2751 2138 2842; x_wconf 89' lang='lat' dir='ltr'>titulo</span> <span class='ocrx_word' id='word_1_167' title='bbox 2172 2787 2300 2878; x_wconf 88' lang='lat' dir='ltr'>quae·</span> 
     </span>
     <span class='ocr_line' id='line_1_18' title="bbox 647 2868 2300 3006; baseline 0.001 -38"><span class='ocrx_word' id='word_1_168' title='bbox 647 2878 764 2970; x_wconf 88' lang='lat' dir='ltr'>daeis</span> <span class='ocrx_word' id='word_1_169' title='bbox 806 2878 911 2969; x_wconf 91' lang='lat' dir='ltr'>editi</span> <span class='ocrx_word' id='word_1_170' title='bbox 955 2879 1027 2970; x_wconf 88' lang='lat' dir='ltr'>vel</span> <span class='ocrx_word' id='word_1_171' title='bbox 1061 2879 1243 2992; x_wconf 90' lang='lat' dir='ltr'>vidisse,</span> <span class='ocrx_word' id='word_1_172' title='bbox 1283 2881 1357 2972; x_wconf 83' lang='lat' dir='ltr'>vel</span> <span class='ocrx_word' id='word_1_173' title='bbox 1388 2868 1443 2970; x_wconf 76' lang='lat' dir='ltr'>ab</span> <span class='ocrx_word' id='word_1_174' title='bbox 1499 2883 1625 2990; x_wconf 84' lang='lat' dir='ltr'>sivit,</span> <span class='ocrx_word' id='word_1_175' title='bbox 1668 2911 1757 3006; x_wconf 88' lang='lat' dir='ltr'>quo</span> <span class='ocrx_word' id='word_1_176' title='bbox 1802 2877 2012 2970; x_wconf 88' lang='lat' dir='ltr'>editiones</span> <span class='ocrx_word' id='word_1_177' title='bbox 2055 2913 2113 2970; x_wconf 88' lang='lat' dir='ltr'>xv</span> <span class='ocrx_word' id='word_1_178' title='bbox 2146 2881 2300 2991; x_wconf 85' lang='lat' dir='ltr'>seculi,</span> 
     </span>
     <span class='ocr_line' id='line_1_19' title="bbox 647 3003 2299 3130; baseline 0.002 -34"><span class='ocrx_word' id='word_1_179' title='bbox 647 3005 740 3098; x_wconf 90' lang='lat' dir='ltr'>aliis</span> <span class='ocrx_word' id='word_1_180' title='bbox 782 3037 897 3098; x_wconf 90' lang='lat' dir='ltr'>certa</span> <span class='ocrx_word' id='word_1_181' title='bbox 943 3003 1033 3098; x_wconf 88' lang='lat' dir='ltr'>fide</span> <span class='ocrx_word' id='word_1_182' title='bbox 1074 3009 1226 3130; x_wconf 83' lang='lat' dir='ltr'>legisse</span> <span class='ocrx_word' id='word_1_183' title='bbox 1260 3041 1443 3100; x_wconf 89' lang='lat' dir='ltr'>comme·</span> <span class='ocrx_word' id='word_1_184' title='bbox 1500 3011 1678 3099; x_wconf 87' lang='lat' dir='ltr'>maxime</span> <span class='ocrx_word' id='word_1_185' title='bbox 1709 3008 2041 3130; x_wconf 85' lang='lat' dir='ltr'>antiquissimae,</span> <span class='ocrx_word' id='word_1_186' title='bbox 2076 3007 2299 3122; x_wconf 90' lang='lat' dir='ltr'>carebant,</span> 
     </span>
     <span class='ocr_line' id='line_1_20' title="bbox 646 3131 2299 3263; baseline 0.002 -39"><span class='ocrx_word' id='word_1_187' title='bbox 646 3163 851 3226; x_wconf 87' lang='lat' dir='ltr'>moratum</span> <span class='ocrx_word' id='word_1_188' title='bbox 885 3199 932 3244; x_wconf 88' lang='lat'>„.</span> <span class='ocrx_word' id='word_1_189' title='bbox 972 3135 1076 3256; x_wconf 84' lang='lat' dir='ltr'>Qua</span> <span class='ocrx_word' id='word_1_190' title='bbox 1106 3131 1267 3228; x_wconf 87' lang='lat' dir='ltr'>Wolfii</span> <span class='ocrx_word' id='word_1_191' title='bbox 1299 3165 1445 3226; x_wconf 90' lang='lat' dir='ltr'>aucto·</span> <span class='ocrx_word' id='word_1_192' title='bbox 1500 3161 1571 3225; x_wconf 91' lang='lat' dir='ltr'>aut</span> <span class='ocrx_word' id='word_1_193' title='bbox 1604 3135 1821 3260; x_wconf 91' lang='lat' dir='ltr'>quomodo</span> <span class='ocrx_word' id='word_1_194' title='bbox 1855 3167 1994 3225; x_wconf 89' lang='lat' dir='ltr'>carere</span> <span class='ocrx_word' id='word_1_195' title='bbox 2028 3171 2077 3226; x_wconf 91' lang='lat' dir='ltr'>ea</span> <span class='ocrx_word' id='word_1_196' title='bbox 2111 3136 2195 3228; x_wconf 89' lang='lat' dir='ltr'>diei</span> <span class='ocrx_word' id='word_1_197' title='bbox 2225 3171 2299 3263; x_wconf 92' lang='lat' dir='ltr'>po·</span> 
     </span>
     <span class='ocr_line' id='line_1_21' title="bbox 647 3263 2296 3393; baseline 0.005 -42"><span class='ocrx_word' id='word_1_198' title='bbox 647 3265 772 3354; x_wconf 88' lang='lat' dir='ltr'>ritate</span> <span class='ocrx_word' id='word_1_199' title='bbox 805 3288 867 3352; x_wconf 87' lang='lat' dir='ltr'>sat</span> <span class='ocrx_word' id='word_1_200' title='bbox 902 3294 1044 3354; x_wconf 88' lang='lat' dir='ltr'>secure</span> <span class='ocrx_word' id='word_1_201' title='bbox 1065 3263 1126 3354; x_wconf 87' lang='lat' dir='ltr'>uti</span> <span class='ocrx_word' id='word_1_202' title='bbox 1147 3283 1190 3352; x_wconf 87' lang='lat' dir='ltr'>se</span> <span class='ocrx_word' id='word_1_203' title='bbox 1212 3295 1334 3387; x_wconf 87' lang='lat' dir='ltr'>posse</span> <span class='ocrx_word' id='word_1_204' title='bbox 1354 3295 1444 3354; x_wconf 87' lang='lat' dir='ltr'>cre·</span> <span class='ocrx_word' id='word_1_205' title='bbox 1500 3289 1601 3372; x_wconf 89' lang='lat' dir='ltr'>test,</span> <span class='ocrx_word' id='word_1_206' title='bbox 1635 3265 1671 3354; x_wconf 93' lang='lat' dir='ltr'>si</span> <span class='ocrx_word' id='word_1_207' title='bbox 1704 3266 1908 3386; x_wconf 90' lang='lat' dir='ltr'>integram</span> <span class='ocrx_word' id='word_1_208' title='bbox 1927 3283 1931 3290; x_wconf 84' lang='grc'><em>’</em></span> <span class='ocrx_word' id='word_1_209' title='bbox 1953 3267 2089 3356; x_wconf 83' lang='lat' dir='ltr'>statim</span> <span class='ocrx_word' id='word_1_210' title='bbox 2124 3265 2296 3393; x_wconf 86' lang='lat' dir='ltr'>subjicit</span> 
     </span>
     <span class='ocr_line' id='line_1_22' title="bbox 646 3386 2298 3517; baseline 0.002 -37"><span class='ocrx_word' id='word_1_211' title='bbox 646 3387 758 3480; x_wconf 91' lang='lat' dir='ltr'>didit</span> <span class='ocrx_word' id='word_1_212' title='bbox 807 3386 1105 3503; x_wconf 84' lang='lat' dir='ltr'>Foscarinius,</span> <span class='ocrx_word' id='word_1_213' title='bbox 1154 3414 1200 3480; x_wconf 87' lang='lat' dir='ltr'>ut</span> <span class='ocrx_word' id='word_1_214' title='bbox 1248 3387 1443 3488; x_wconf 84' lang='lat' dir='ltr'>Venetae</span> <span class='ocrx_word' id='word_1_215' title='bbox 1500 3391 1776 3516; x_wconf 88' lang='lat' dir='ltr'>epigraphem</span> <span class='ocrx_word' id='word_1_216' title='bbox 1817 3421 1929 3517; x_wconf 89' lang='lat' dir='ltr'>quae</span> <span class='ocrx_word' id='word_1_217' title='bbox 1962 3391 2015 3484; x_wconf 85' lang='lat' dir='ltr'>ad</span> <span class='ocrx_word' id='word_1_218' title='bbox 2049 3394 2206 3485; x_wconf 89' lang='lat' dir='ltr'>calcem</span> <span class='ocrx_word' id='word_1_219' title='bbox 2236 3395 2298 3484; x_wconf 90' lang='lat' dir='ltr'>le·</span> 
     </span>
     <span class='ocr_line' id='line_1_23' title="bbox 647 3515 2297 3646; baseline 0.005 -40"><span class='ocrx_word' id='word_1_220' title='bbox 647 3516 801 3606; x_wconf 92' lang='lat' dir='ltr'>ditioni</span> <span class='ocrx_word' id='word_1_221' title='bbox 829 3516 958 3609; x_wconf 89' lang='lat' dir='ltr'>decus</span> <span class='ocrx_word' id='word_1_222' title='bbox 978 3521 1135 3644; x_wconf 88' lang='lat' dir='ltr'>primae</span> <span class='ocrx_word' id='word_1_223' title='bbox 1155 3515 1254 3610; x_wconf 86' lang='lat' dir='ltr'>heb.</span> <span class='ocrx_word' id='word_1_224' title='bbox 1271 3542 1444 3646; x_wconf 88' lang='lat' dir='ltr'>typogr.</span> <span class='ocrx_word' id='word_1_225' title='bbox 1501 3520 1709 3644; x_wconf 82' lang='lat' dir='ltr'>gebatur,</span> <span class='ocrx_word' id='word_1_226' title='bbox 1755 3553 1997 3644; x_wconf 90' lang='lat' dir='ltr'>annumque</span> <span class='ocrx_word' id='word_1_227' title='bbox 2029 3521 2297 3616; x_wconf 83' lang='lat' dir='ltr'>evidentissi-</span> 
     </span>
     <span class='ocr_line' id='line_1_24' title="bbox 627 3643 2295 3773; baseline 0.005 -39"><span class='ocrx_word' id='word_1_228' title='bbox 627 3643 888 3754; x_wconf 85' lang='lat' dir='ltr'>¹tribueret,</span> <span class='ocrx_word' id='word_1_229' title='bbox 936 3673 1068 3750; x_wconf 85' lang='lat' dir='ltr'>recte¹</span> <span class='ocrx_word' id='word_1_230' title='bbox 1107 3643 1446 3738; x_wconf 87' lang='lat' dir='ltr'>animadvertens</span> <span class='ocrx_word' id='word_1_231' title='bbox 1502 3681 1568 3738; x_wconf 88' lang='lat' dir='ltr'>me</span> <span class='ocrx_word' id='word_1_232' title='bbox 1602 3649 1879 3773; x_wconf 82' lang='lat' dir='ltr'>designabat,</span> <span class='ocrx_word' id='word_1_233' title='bbox 1913 3681 1965 3739; x_wconf 87' lang='lat' dir='ltr'>ex</span> <span class='ocrx_word' id='word_1_234' title='bbox 2002 3654 2125 3741; x_wconf 90' lang='lat' dir='ltr'>unius</span> <span class='ocrx_word' id='word_1_235' title='bbox 2158 3679 2295 3744; x_wconf 88' lang='lat' dir='ltr'>tamen</span> 
     </span>
     <span class='ocr_line' id='line_1_25' title="bbox 647 3769 2297 3907; baseline 0.007 -45"><span class='ocrx_word' id='word_1_236' title='bbox 647 3769 968 3867; x_wconf 89' lang='lat' dir='ltr'>Plebisaccense</span> <span class='ocrx_word' id='word_1_237' title='bbox 990 3774 1103 3865; x_wconf 88' lang='lat' dir='ltr'>illud</span> <span class='ocrx_word' id='word_1_238' title='bbox 1124 3807 1235 3898; x_wconf 91' lang='lat' dir='ltr'>opus</span> <span class='ocrx_word' id='word_1_239' title='bbox 1254 3800 1342 3865; x_wconf 91' lang='lat' dir='ltr'>tum</span> <span class='ocrx_word' id='word_1_240' title='bbox 1363 3773 1446 3866; x_wconf 83' lang='lat' dir='ltr'>Bo</span> <span class='ocrx_word' id='word_1_241' title='bbox 1500 3775 1712 3866; x_wconf 90' lang='lat' dir='ltr'>litterulae</span> <span class='ocrx_word' id='word_1_242' title='bbox 1756 3771 2008 3868; x_wconf 89' lang='lat' dir='ltr'>confusione</span> <span class='ocrx_word' id='word_1_243' title='bbox 2035 3783 2093 3876; x_wconf 57' lang='lat' dir='ltr'>,in</span> <span class='ocrx_word' id='word_1_244' title='bbox 2128 3813 2297 3907; x_wconf 87' lang='lat' dir='ltr'>praece-</span> 
     </span>
     <span class='ocr_line' id='line_1_26' title="bbox 649 3899 2297 4030; baseline 0.007 -41"><span class='ocrx_word' id='word_1_245' title='bbox 649 3903 864 3992; x_wconf 89' lang='lat' dir='ltr'>noniensis</span> <span class='ocrx_word' id='word_1_246' title='bbox 902 3899 1093 4011; x_wconf 78' lang='lat' dir='ltr'>Pentat,</span> <span class='ocrx_word' id='word_1_247' title='bbox 1137 3928 1226 3991; x_wconf 89' lang='lat' dir='ltr'>tum</span> <span class='ocrx_word' id='word_1_248' title='bbox 1270 3901 1443 3994; x_wconf 89' lang='lat' dir='ltr'>Soncin.</span> <span class='ocrx_word' id='word_1_249' title='bbox 1501 3903 1670 3996; x_wconf 87' lang='lat' dir='ltr'>dentem</span> <span class='ocrx_word' id='word_1_250' title='bbox 1713 3902 1832 4020; x_wconf 81' lang='lat'>1476</span> <span class='ocrx_word' id='word_1_251' title='bbox 1881 3909 2111 3998; x_wconf 81' lang='lat' dir='ltr'>mutatum?</span> <span class='ocrx_word' id='word_1_252' title='bbox 2164 3909 2297 4030; x_wconf 89' lang='lat' dir='ltr'>Quod</span> 
     </span>
     <span class='ocr_line' id='line_1_27' title="bbox 646 4028 2298 4154; baseline 0.007 -36"><span class='ocrx_word' id='word_1_253' title='bbox 646 4031 837 4126; x_wconf 83' lang='lat' dir='ltr'>omnium</span> <span class='ocrx_word' id='word_1_254' title='bbox 857 4028 1062 4121; x_wconf 90' lang='lat' dir='ltr'>librorum</span> <span class='ocrx_word' id='word_1_255' title='bbox 1083 4030 1314 4120; x_wconf 88' lang='lat' dir='ltr'>editionem</span> <span class='ocrx_word' id='word_1_256' title='bbox 1330 4064 1446 4154; x_wconf 90' lang='lat' dir='ltr'>prae·</span> <span class='ocrx_word' id='word_1_257' title='bbox 1500 4035 1534 4122; x_wconf 89' lang='lat' dir='ltr'>si</span> <span class='ocrx_word' id='word_1_258' title='bbox 1568 4034 1770 4125; x_wconf 88' lang='lat' dir='ltr'>indubiae</span> <span class='ocrx_word' id='word_1_259' title='bbox 1803 4031 1905 4126; x_wconf 87' lang='lat' dir='ltr'>fidei</span> <span class='ocrx_word' id='word_1_260' title='bbox 1940 4063 2002 4127; x_wconf 90' lang='lat' dir='ltr'>est</span> <span class='ocrx_word' id='word_1_261' title='bbox 2036 4071 2128 4130; x_wconf 89' lang='lat' dir='ltr'>aeta</span> <span class='ocrx_word' id='word_1_262' title='bbox 2150 4067 2192 4128; x_wconf 92' lang='lat' dir='ltr'>et</span> <span class='ocrx_word' id='word_1_263' title='bbox 2212 4038 2298 4129; x_wconf 92' lang='lat' dir='ltr'>edi·</span> 
     </span>
     <span class='ocr_line' id='line_1_28' title="bbox 644 4151 2301 4289; baseline 0.005 -43"><span class='ocrx_word' id='word_1_264' title='bbox 644 4158 830 4247; x_wconf 87' lang='lat' dir='ltr'>cessisse.</span> <span class='ocrx_word' id='word_1_265' title='bbox 874 4153 967 4254; x_wconf 88' lang='lat' dir='ltr'>Nec</span> <span class='ocrx_word' id='word_1_266' title='bbox 1014 4191 1143 4284; x_wconf 91' lang='lat' dir='ltr'>porro</span> <span class='ocrx_word' id='word_1_267' title='bbox 1170 4151 1442 4278; x_wconf 11' lang='lat' dir='ltr'>‘Foscarinius</span> <span class='ocrx_word' id='word_1_268' title='bbox 1500 4163 1589 4276; x_wconf 86' lang='lat' dir='ltr'>tio,</span> <span class='ocrx_word' id='word_1_269' title='bbox 1622 4198 1695 4254; x_wconf 90' lang='lat' dir='ltr'>cut</span> <span class='ocrx_word' id='word_1_270' title='bbox 1730 4163 2024 4256; x_wconf 89' lang='lat' dir='ltr'>Bartoloccius</span> <span class='ocrx_word' id='word_1_271' title='bbox 2057 4199 2145 4256; x_wconf 88' lang='lat' dir='ltr'>eam</span> <span class='ocrx_word' id='word_1_272' title='bbox 2173 4168 2216 4256; x_wconf 77' lang='lat' dir='ltr'>e&#39;t</span> <span class='ocrx_word' id='word_1_273' title='bbox 2239 4170 2301 4289; x_wconf 93' lang='lat' dir='ltr'>ip·</span> 
     </span>
     <span class='ocr_line' id='line_1_29' title="bbox 644 4282 2296 4414; baseline 0.004 -40"><span class='ocrx_word' id='word_1_274' title='bbox 644 4282 788 4395; x_wconf 86' lang='lat' dir='ltr'>solus‚</span> <span class='ocrx_word' id='word_1_275' title='bbox 808 4285 883 4377; x_wconf 92' lang='lat' dir='ltr'>sed</span> <span class='ocrx_word' id='word_1_276' title='bbox 907 4314 950 4378; x_wconf 93' lang='lat' dir='ltr'>et</span> <span class='ocrx_word' id='word_1_277' title='bbox 976 4312 1194 4412; x_wconf 88' lang='lat' dir='ltr'>quotquot</span> <span class='ocrx_word' id='word_1_278' title='bbox 1227 4283 1442 4379; x_wconf 88' lang='lat' dir='ltr'>Wolfium</span> <span class='ocrx_word' id='word_1_279' title='bbox 1499 4321 1543 4382; x_wconf 91' lang='lat' dir='ltr'>se</span> <span class='ocrx_word' id='word_1_280' title='bbox 1576 4295 1736 4381; x_wconf 92' lang='lat' dir='ltr'>omittit</span> <span class='ocrx_word' id='word_1_281' title='bbox 1768 4324 1816 4382; x_wconf 86' lang='lat' dir='ltr'>ac</span> <span class='ocrx_word' id='word_1_282' title='bbox 1848 4292 2052 4414; x_wconf 87' lang='lat' dir='ltr'>negligit,</span> <span class='ocrx_word' id='word_1_283' title='bbox 2085 4295 2162 4384; x_wconf 90' lang='lat' dir='ltr'>ubi</span> <span class='ocrx_word' id='word_1_284' title='bbox 2198 4295 2296 4382; x_wconf 87' lang='lat' dir='ltr'>heb.</span> 
     </span>
     <span class='ocr_line' id='line_1_30' title="bbox 644 4411 2297 4544; baseline 0.005 -43"><span class='ocrx_word' id='word_1_285' title='bbox 644 4414 779 4502; x_wconf 89' lang='lat' dir='ltr'>secuti</span> <span class='ocrx_word' id='word_1_286' title='bbox 810 4440 930 4522; x_wconf 88' lang='lat' dir='ltr'>sunt,</span> <span class='ocrx_word' id='word_1_287' title='bbox 963 4414 1176 4512; x_wconf 85' lang='lat' dir='ltr'>doctiores</span> <span class='ocrx_word' id='word_1_288' title='bbox 1208 4411 1443 4542; x_wconf 91' lang='lat' dir='ltr'>bibliogra-</span> <span class='ocrx_word' id='word_1_289' title='bbox 1499 4440 1594 4544; x_wconf 91' lang='lat' dir='ltr'>typ.</span> <span class='ocrx_word' id='word_1_290' title='bbox 1622 4417 1847 4542; x_wconf 91' lang='lat' dir='ltr'>primordia</span> <span class='ocrx_word' id='word_1_291' title='bbox 1869 4417 2081 4508; x_wconf 82' lang='lat' dir='ltr'>illustrat?</span> <span class='ocrx_word' id='word_1_292' title='bbox 2115 4417 2207 4510; x_wconf 90' lang='lat' dir='ltr'>Cur</span> <span class='ocrx_word' id='word_1_293' title='bbox 2229 4451 2297 4510; x_wconf 90' lang='lat' dir='ltr'>ne·</span> 
     </span>
     <span class='ocr_line' id='line_1_31' title="bbox 644 4536 2298 4670; baseline 0.007 -44"><span class='ocrx_word' id='word_1_294' title='bbox 644 4536 722 4662; x_wconf 93' lang='lat' dir='ltr'>phi</span> <span class='ocrx_word' id='word_1_295' title='bbox 754 4541 800 4628; x_wconf 93' lang='lat' dir='ltr'>in</span> <span class='ocrx_word' id='word_1_296' title='bbox 842 4541 1020 4634; x_wconf 86' lang='lat' dir='ltr'>eandem</span> <span class='ocrx_word' id='word_1_297' title='bbox 1053 4542 1305 4634; x_wconf 86' lang='lat' dir='ltr'>sententiam</span> <span class='ocrx_word' id='word_1_298' title='bbox 1345 4575 1443 4634; x_wconf 93' lang='lat' dir='ltr'>con·</span> <span class='ocrx_word' id='word_1_299' title='bbox 1498 4546 1671 4670; x_wconf 89' lang='lat' dir='ltr'>gligunt</span> <span class='ocrx_word' id='word_1_300' title='bbox 1703 4553 1956 4668; x_wconf 89' lang='lat' dir='ltr'>posteriores</span> <span class='ocrx_word' id='word_1_301' title='bbox 1988 4581 2131 4638; x_wconf 91' lang='lat' dir='ltr'>omnes</span> <span class='ocrx_word' id='word_1_302' title='bbox 2152 4581 2200 4638; x_wconf 90' lang='lat' dir='ltr'>ac</span> <span class='ocrx_word' id='word_1_303' title='bbox 2220 4547 2298 4640; x_wconf 93' lang='lat' dir='ltr'>do·</span> 
     </span>
     <span class='ocr_line' id='line_1_32' title="bbox 644 4667 2298 4803; baseline 0.006 -47"><span class='ocrx_word' id='word_1_304' title='bbox 644 4693 876 4762; x_wconf 88' lang='lat' dir='ltr'>cesserunt.</span> <span class='ocrx_word' id='word_1_305' title='bbox 1115 4791 1118 4798; x_wconf 16' lang='lat'><strong>¹</strong></span> <span class='ocrx_word' id='word_1_306' title='bbox 1500 4667 1651 4766; x_wconf 84' lang='lat' dir='ltr'>otiores</span> <span class='ocrx_word' id='word_1_307' title='bbox 1684 4671 2003 4800; x_wconf 87' lang='lat' dir='ltr'>bibliographi‚</span> <span class='ocrx_word' id='word_1_308' title='bbox 2035 4680 2178 4803; x_wconf 90' lang='lat' dir='ltr'>quiin</span> <span class='ocrx_word' id='word_1_309' title='bbox 2204 4680 2298 4769; x_wconf 88' lang='lat' dir='ltr'>vin·</span> 
     </span>
     <span class='ocr_line' id='line_1_33' title="bbox 1121 4799 2295 4972; baseline 0.005 -80"><span class='ocrx_word' id='word_1_310' title='bbox 1121 4805 1184 4972; x_wconf 30' lang='lat' dir='ltr'>q</span> <span class='ocrx_word' id='word_1_311' title='bbox 1499 4801 1675 4894; x_wconf 88' lang='lat' dir='ltr'>dicanda</span> <span class='ocrx_word' id='word_1_312' title='bbox 1721 4799 1911 4895; x_wconf 88' lang='lat' dir='ltr'>Soncino</span> <span class='ocrx_word' id='word_1_313' title='bbox 1951 4805 2024 4897; x_wconf 87' lang='lat' dir='ltr'>vel</span> <span class='ocrx_word' id='word_1_314' title='bbox 2071 4805 2295 4898; x_wconf 85' lang='lat' dir='ltr'>Bononiae</span> 
     </span>
    </p>

    <p class='ocr_par' dir='ltr' id='par_1_7' title="bbox 989 4859 2298 5061">
     <span class='ocr_line' id='line_1_34' title="bbox 989 4859 2298 5061; baseline 0.002 -41"><span class='ocrx_word' id='word_1_315' title='bbox 989 4859 1030 4985; x_wconf 51' lang='lat' dir='ltr'>l</span> <span class='ocrx_word' id='word_1_316' title='bbox 1076 4895 1107 4951; x_wconf 66' lang='lat' dir='ltr'><strong>x</strong></span> <span class='ocrx_word' id='word_1_317' title='bbox 1500 4934 1571 5023; x_wconf 87' lang='lat' dir='ltr'>vel</span> <span class='ocrx_word' id='word_1_318' title='bbox 1603 4929 1850 5025; x_wconf 86' lang='lat' dir='ltr'>Plebisacco</span> <span class='ocrx_word' id='word_1_319' title='bbox 1869 4933 1968 5024; x_wconf 87' lang='lat' dir='ltr'>heb.</span> <span class='ocrx_word' id='word_1_320' title='bbox 1990 4960 2194 5061; x_wconf 88' lang='lat' dir='ltr'>typorum</span> <span class='ocrx_word' id='word_1_321' title='bbox 2215 4936 2298 5046; x_wconf 68' lang='lat' dir='ltr'>ori7</span> 
     </span>
    </p>

    <p class='ocr_par' dir='ltr' id='par_1_8' title="bbox 643 5059 2300 5570">
     <span class='ocr_line' id='line_1_35' title="bbox 1496 5059 2296 5188; baseline 0.004 -39"><span class='ocrx_word' id='word_1_322' title='bbox 1496 5061 1597 5186; x_wconf 90' lang='lat' dir='ltr'>gine</span> <span class='ocrx_word' id='word_1_323' title='bbox 1629 5062 1922 5154; x_wconf 83' lang='lat' dir='ltr'>conveniunt?</span> <span class='ocrx_word' id='word_1_324' title='bbox 1954 5059 2073 5154; x_wconf 94' lang='lat' dir='ltr'>Dum</span> <span class='ocrx_word' id='word_1_325' title='bbox 2108 5063 2212 5156; x_wconf 88' lang='lat' dir='ltr'>haec</span> <span class='ocrx_word' id='word_1_326' title='bbox 2233 5065 2296 5188; x_wconf 90' lang='lat' dir='ltr'>ip·</span> 
     </span>
     <span class='ocr_line' id='line_1_36' title="bbox 1495 5190 2300 5316; baseline 0 -36"><span class='ocrx_word' id='word_1_327' title='bbox 1495 5221 1540 5281; x_wconf 92' lang='lat' dir='ltr'>se</span> <span class='ocrx_word' id='word_1_328' title='bbox 1572 5212 1733 5283; x_wconf 68' lang='lat' dir='ltr'>metum</span> <span class='ocrx_word' id='word_1_329' title='bbox 1765 5190 2028 5316; x_wconf 86' lang='lat' dir='ltr'>disputabam</span> <span class='ocrx_word' id='word_1_330' title='bbox 2063 5221 2105 5310; x_wconf 80' lang='lat' dir='ltr'>et</span> <span class='ocrx_word' id='word_1_331' title='bbox 2137 5225 2300 5315; x_wconf 86' lang='lat' dir='ltr'>anceps</span> 
     </span>
     <span class='ocr_line' id='line_1_37' title="bbox 728 5303 2294 5446; baseline 0.004 -44"><span class='ocrx_word' id='word_1_332' title='bbox 728 5303 824 5402; x_wconf 87' lang='lat' dir='ltr'>Jam</span> <span class='ocrx_word' id='word_1_333' title='bbox 857 5343 959 5404; x_wconf 91' lang='lat' dir='ltr'>vero</span> <span class='ocrx_word' id='word_1_334' title='bbox 992 5317 1069 5439; x_wconf 90' lang='lat' dir='ltr'>qui</span> <span class='ocrx_word' id='word_1_335' title='bbox 1100 5314 1240 5406; x_wconf 88' lang='lat' dir='ltr'>dicere</span> <span class='ocrx_word' id='word_1_336' title='bbox 1271 5341 1438 5438; x_wconf 89' lang='lat' dir='ltr'>poterat</span> <span class='ocrx_word' id='word_1_337' title='bbox 1495 5320 1630 5410; x_wconf 88' lang='lat' dir='ltr'>veluti</span> <span class='ocrx_word' id='word_1_338' title='bbox 1655 5317 1877 5411; x_wconf 88' lang='lat' dir='ltr'>haerebam</span> <span class='ocrx_word' id='word_1_339' title='bbox 1899 5319 2003 5446; x_wconf 90' lang='lat' dir='ltr'>quid</span> <span class='ocrx_word' id='word_1_340' title='bbox 2025 5311 2079 5412; x_wconf 84' lang='lat' dir='ltr'>de</span> <span class='ocrx_word' id='word_1_341' title='bbox 2109 5321 2189 5412; x_wconf 89' lang='lat' dir='ltr'>hac</span> <span class='ocrx_word' id='word_1_342' title='bbox 2209 5319 2294 5410; x_wconf 88' lang='lat' dir='ltr'>edi·</span> 
     </span>
     <span class='ocr_line' id='line_1_38' title="bbox 643 5430 2289 5570; baseline 0.009 -46"><span class='ocrx_word' id='word_1_343' title='bbox 643 5430 832 5532; x_wconf 85' lang='lat' dir='ltr'>Woliius</span> <span class='ocrx_word' id='word_1_344' title='bbox 874 5446 1088 5570; x_wconf 87' lang='lat' dir='ltr'>antiquius</span> <span class='ocrx_word' id='word_1_345' title='bbox 1121 5475 1164 5534; x_wconf 89' lang='lat' dir='ltr'>se</span> <span class='ocrx_word' id='word_1_346' title='bbox 1197 5443 1438 5568; x_wconf 84' lang='lat' dir='ltr'>exemplum</span> <span class='ocrx_word' id='word_1_347' title='bbox 1494 5450 1611 5542; x_wconf 91' lang='lat' dir='ltr'>tione</span> <span class='ocrx_word' id='word_1_348' title='bbox 1625 5450 2219 5559; x_wconf 86' lang='lat' dir='ltr'>statuerem‚commodissima</span> <span class='ocrx_word' id='word_1_349' title='bbox 2242 5477 2289 5539; x_wconf 87' lang='lat' dir='ltr'>ac</span> 
     </span>
    </p>
   </div>
   <div class='ocr_carea' id='block_1_7' title="bbox 646 4977 1441 5236">
    <p class='ocr_par' dir='ltr' id='par_1_9' title="bbox 646 4977 1441 5236">
     <span class='ocr_line' id='line_1_39' title="bbox 646 4977 1441 5127; baseline 0.006 -28"><span class='ocrx_word' id='word_1_350' title='bbox 646 5027 844 5102; x_wconf 82' lang='lat' dir='ltr'>Gersonidit</span> <span class='ocrx_word' id='word_1_351' title='bbox 857 5031 951 5104; x_wconf 84' lang='lat' dir='ltr'>Com.</span> <span class='ocrx_word' id='word_1_352' title='bbox 966 5033 1034 5105; x_wconf 76' lang='lat' dir='ltr'>Iob</span> <span class='ocrx_word' id='word_1_353' title='bbox 1057 5053 1159 5127; x_wconf 84' lang='lat'>¹477</span> <span class='ocrx_word' id='word_1_354' title='bbox 1173 4977 1235 5124; x_wconf 67' lang='lat' dir='ltr'>pro</span> <span class='ocrx_word' id='word_1_355' title='bbox 1247 5036 1357 5125; x_wconf 83' lang='lat' dir='ltr'>primo</span> <span class='ocrx_word' id='word_1_356' title='bbox 1370 5031 1441 5104; x_wconf 77' lang='lat' dir='ltr'>lach.</span> 
     </span>
     <span class='ocr_line' id='line_1_40' title="bbox 690 5141 1400 5236; baseline 0.007 -24"><span class='ocrx_word' id='word_1_357' title='bbox 690 5163 763 5236; x_wconf 82' lang='lat' dir='ltr'>typ.</span> <span class='ocrx_word' id='word_1_358' title='bbox 790 5141 889 5234; x_wconf 79' lang='lat' dir='ltr'>socru</span> <span class='ocrx_word' id='word_1_359' title='bbox 910 5143 991 5216; x_wconf 82' lang='lat' dir='ltr'>olim</span> <span class='ocrx_word' id='word_1_360' title='bbox 1020 5146 1216 5216; x_wconf 75' lang='lat' dir='ltr'>abnoctare</span> <span class='ocrx_word' id='word_1_361' title='bbox 1243 5145 1400 5218; x_wconf 79' lang='lat' dir='ltr'>habitus.</span> 
     </span>
    </p>
   </div>
   <div class='ocr_carea' id='block_1_8' title="bbox 0 0 2616 7090">
    <p class='ocr_par' dir='ltr' id='par_1_10' title="bbox 0 0 2616 7090">
     <span class='ocr_line' id='line_1_41' title="bbox 0 0 2616 7090; baseline 0 3"><span class='ocrx_word' id='word_1_362' title='bbox 0 0 2616 7090; x_wconf 95' lang='lat' dir='ltr'> </span> 
     </span>
    </p>
   </div>
  </div>
 </body>
</html>
